% This file was created with JabRef 2.10b2.
% Encoding: UTF8


@Online{mumps,
  Title                    = {{MUMPS}: a {MUltifrontal} {Massively} {Parallel} sparse direct {Solver}},
  Author                   = {Amestoy, Patrick and Buttari, Alfredo and Guermouche, Abdou and L'Excellent, Jean-Yves and Ucar, Bora},
  Url                      = {http://mumps.enseeiht.fr/},

  Owner                    = {andre},
  Timestamp                = {2014.02.28}
}

@Article{AriF96,
  Title                    = {Roundoff error analysis of algorithms based on {K}rylov subspace methods},
  Author                   = {Arioli, M. and Fassino, C.},
  Journal                  = {BIT},
  Year                     = {1996},
  Number                   = {2},
  Pages                    = {189--205},
  Volume                   = {36},

  Coden                    = {NBITAB},
  Doi                      = {10.1007/BF01731978},
  File                     = {AriF96.pdf:AriF96.pdf:PDF},
  Fjournal                 = {BIT. Numerical Mathematics},
  ISSN                     = {0006-3835},
  Mrclass                  = {65F10 (15A23 65G05)},
  Mrnumber                 = {1432243 (98e:65018)},
  Mrreviewer               = {Jean-Marie Chesneaux},
  Owner                    = {andre},
  Timestamp                = {2013.05.27},
  Url                      = {http://dx.doi.org/10.1007/BF01731978}
}

@Article{AriLW05,
  Title                    = {Stopping criteria for iterations in finite element methods},
  Author                   = {Arioli, M. and Loghin, D. and Wathen, A. J.},
  Journal                  = {Numer. Math.},
  Year                     = {2005},
  Number                   = {3},
  Pages                    = {381--410},
  Volume                   = {99},

  Coden                    = {NUMMA7},
  Doi                      = {10.1007/s00211-004-0568-z},
  File                     = {AriLW05.pdf:AriLW05.pdf:PDF},
  Fjournal                 = {Numerische Mathematik},
  ISSN                     = {0029-599X},
  Mrclass                  = {65N22 (65N30)},
  Mrnumber                 = {2117733 (2005k:65233)},
  Mrreviewer               = {Shuzi Zhou},
  Owner                    = {andre},
  Timestamp                = {2014.03.02},
  Url                      = {http://dx.doi.org/10.1007/s00211-004-0568-z}
}

@Article{AriNR01,
  Title                    = {Stopping criteria for iterative methods: applications to {PDE}'s},
  Author                   = {Arioli, M. and Noulard, E. and Russo, A.},
  Journal                  = {Calcolo},
  Year                     = {2001},
  Number                   = {2},
  Pages                    = {97--112},
  Volume                   = {38},

  Doi                      = {10.1007/s100920170006},
  File                     = {AriNR01.pdf:AriNR01.pdf:PDF},
  Fjournal                 = {Calcolo. A Quarterly on Numerical Analysis and Theory of Computation},
  ISSN                     = {0008-0624},
  Mrclass                  = {65F10},
  Mrnumber                 = {1843780 (2002k:65044)},
  Owner                    = {andre},
  Timestamp                = {2014.03.02},
  Url                      = {http://dx.doi.org/10.1007/s100920170006}
}

@Article{AriPS98,
  Title                    = {Krylov sequences of maximal length and convergence of {GMRES}},
  Author                   = {Arioli, M. and Pt{\'a}k, V. and Strako{\v{s}}, Z.},
  Journal                  = {BIT},
  Year                     = {1998},
  Number                   = {4},
  Pages                    = {636--643},
  Volume                   = {38},

  Doi                      = {10.1007/BF02510405},
  File                     = {AriPS98.pdf:AriPS98.pdf:PDF},
  Fjournal                 = {BIT. Numerical Mathematics},
  ISSN                     = {0006-3835},
  Mrclass                  = {65F10},
  Mrnumber                 = {1670196 (99j:65039)},
  Owner                    = {andre},
  Timestamp                = {2014.03.03},
  Url                      = {http://dx.doi.org/10.1007/BF02510405}
}

@Article{Arn51,
  Title                    = {The principle of minimized iteration in the solution of the matrix eigenvalue problem},
  Author                   = {Arnoldi, W. E.},
  Journal                  = {Quart. Appl. Math.},
  Year                     = {1951},
  Pages                    = {17--29},
  Volume                   = {9},

  Fjournal                 = {Quarterly of Applied Mathematics},
  ISSN                     = {0033-569X},
  Mrclass                  = {65.0X},
  Mrnumber                 = {0042792 (13,163e)},
  Mrreviewer               = {P. Funk},
  Owner                    = {gaul},
  Timestamp                = {2011.09.01}
}

@Article{Axe76,
  Title                    = {A class of iterative methods for finite element equations},
  Author                   = {Axelsson, O.},
  Journal                  = {Comput. Methods Appl. Mech. Engrg.},
  Year                     = {1976},
  Number                   = {2},
  Pages                    = {123--127},
  Volume                   = {9},

  Fjournal                 = {Computer Methods in Applied Mechanics and Engineering},
  ISSN                     = {0045-7825},
  Mrclass                  = {65F10},
  Mrnumber                 = {0433836 (55 \#6807)},
  Mrreviewer               = {B. L. Buzbee},
  Owner                    = {andre},
  Timestamp                = {2014.03.03}
}

@Online{pyamg,
  Title                    = {{PyAMG}: Algebraic Multigrid Solvers in {Python} v2.0},
  Author                   = {Bell, W. N. and Olson, L. N. and Schroder, J. B.},
  Url                      = {http://www.pyamg.org},
  Year                     = {2011},

  Note                     = {Release 2.0},
  Owner                    = {andre},
  Timestamp                = {2014.03.03}
}

@Article{Ben02,
  Title                    = {Preconditioning techniques for large linear systems: a survey},
  Author                   = {Benzi, Michele},
  Journal                  = {J. Comput. Phys.},
  Year                     = {2002},
  Number                   = {2},
  Pages                    = {418--477},
  Volume                   = {182},

  Coden                    = {JCTPAH},
  Doi                      = {10.1006/jcph.2002.7176},
  File                     = {Ben02.pdf:Ben02.pdf:PDF},
  Fjournal                 = {Journal of Computational Physics},
  ISSN                     = {0021-9991},
  Mrclass                  = {65F10 (65F50)},
  Mrnumber                 = {1941848 (2003j:65026)},
  Owner                    = {andre},
  Timestamp                = {2014.01.07},
  Url                      = {http://dx.doi.org/10.1006/jcph.2002.7176}
}

@Article{BenB03,
  Title                    = {Approximate inverse preconditioning for shifted linear systems},
  Author                   = {Benzi, Michele and Bertaccini, Daniele},
  Journal                  = {BIT},
  Year                     = {2003},
  Number                   = {2},
  Pages                    = {231--244},
  Volume                   = {43},

  Doi                      = {10.1023/A:1026089811044},
  File                     = {BenB03.pdf:BenB03.pdf:PDF},
  Fjournal                 = {BIT. Numerical Mathematics},
  ISSN                     = {0006-3835},
  Mrclass                  = {65F10},
  Mrnumber                 = {2010362 (2004i:65026)},
  Owner                    = {andre},
  Timestamp                = {2013.12.05},
  Url                      = {http://dx.doi.org/10.1023/A:1026089811044}
}

@Article{BenO11,
  Title                    = {Field-of-values convergence analysis of augmented {L}agrangian preconditioners for the linearized {N}avier-{S}tokes problem},
  Author                   = {Benzi, Michele and Olshanskii, Maxim A.},
  Journal                  = {SIAM J. Numer. Anal.},
  Year                     = {2011},
  Number                   = {2},
  Pages                    = {770--788},
  Volume                   = {49},

  Coden                    = {SJNAAM},
  Doi                      = {10.1137/100806485},
  File                     = {BenO11.pdf:BenO11.pdf:PDF},
  Fjournal                 = {SIAM Journal on Numerical Analysis},
  ISSN                     = {0036-1429},
  Mrclass                  = {65N22 (65F08 65F10 65F50 76D05 76M10)},
  Mrnumber                 = {2792395 (2012f:65181)},
  Mrreviewer               = {Valeria Simoncini},
  Owner                    = {andre},
  Timestamp                = {2013.11.21},
  Url                      = {http://dx.doi.org/10.1137/100806485}
}

@Article{Ber63,
  Title                    = {Some metrics on the subspaces of a {B}anach space},
  Author                   = {Berkson, Earl},
  Journal                  = {Pacific J. Math.},
  Year                     = {1963},
  Pages                    = {7--22},
  Volume                   = {13},

  File                     = {Ber63.pdf:Ber63.pdf:PDF},
  Fjournal                 = {Pacific Journal of Mathematics},
  ISSN                     = {0030-8730},
  Mrclass                  = {46.10},
  Mrnumber                 = {0152869 (27 \#2841)},
  Mrreviewer               = {S. Heckscher},
  Owner                    = {andre},
  Timestamp                = {2014.01.13}
}

@Article{Ber04,
  Title                    = {Efficient preconditioning for sequences of parametric complex symmetric linear systems},
  Author                   = {Bertaccini, D.},
  Journal                  = {Electron. Trans. Numer. Anal.},
  Year                     = {2004},
  Pages                    = {49--64},
  Volume                   = {18},

  File                     = {Ber04.pdf:Ber04.pdf:PDF},
  Fjournal                 = {Electronic Transactions on Numerical Analysis},
  ISSN                     = {1068-9613},
  Mrclass                  = {65F10},
  Mrnumber                 = {2083294 (2006g:65050)},
  Owner                    = {andre},
  Timestamp                = {2013.12.05}
}

@Book{Bha07,
  Title                    = {Perturbation bounds for matrix eigenvalues},
  Author                   = {Bhatia, Rajendra},
  Publisher                = {SIAM},
  Year                     = {2007},

  Address                  = {Philadelphia, PA},
  Note                     = {Reprint of the 1987 original},
  Series                   = {Classics in Applied Mathematics},
  Volume                   = {53},

  File                     = {Bha07.pdf:Bha07.pdf:PDF},
  ISBN                     = {978-0-898716-31-3},
  Mrclass                  = {15A42 (15A18 65F35)},
  Mrnumber                 = {2325304 (2008b:15071)},
  Owner                    = {gaul},
  Pages                    = {xvi+191},
  Timestamp                = {2011.10.10}
}

@Article{BirDMT08,
  Title                    = {Preconditioner updates applied to {CFD} model problems},
  Author                   = {Birken, Philipp and Duintjer Tebbens, Jurjen and Meister, Andreas and T\r{u}ma, Miroslav},
  Journal                  = {Appl. Numer. Math.},
  Year                     = {2008},
  Number                   = {11},
  Pages                    = {1628--1641},
  Volume                   = {58},

  Coden                    = {ANMAEL},
  Doi                      = {10.1016/j.apnum.2007.10.001},
  File                     = {BirDMT08.pdf:BirDMT08.pdf:PDF},
  Fjournal                 = {Applied Numerical Mathematics. An IMACS Journal},
  ISSN                     = {0168-9274},
  Mrclass                  = {65F10 (65M06 76M12)},
  Mrnumber                 = {2458472 (2010c:65045)},
  Owner                    = {andre},
  Timestamp                = {2013.12.05},
  Url                      = {http://dx.doi.org/10.1016/j.apnum.2007.10.001}
}

@Article{Bro91,
  Title                    = {A theoretical comparison of the {A}rnoldi and {GMRES} algorithms},
  Author                   = {Brown, Peter N.},
  Journal                  = {SIAM J. Sci. Statist. Comput.},
  Year                     = {1991},
  Number                   = {1},
  Pages                    = {58--78},
  Volume                   = {12},

  Coden                    = {SIJCD4},
  Doi                      = {10.1137/0912003},
  Fjournal                 = {Society for Industrial and Applied Mathematics. Journal on Scientific and Statistical Computing},
  ISSN                     = {0196-5204},
  Mrclass                  = {65F05},
  Mrnumber                 = {1078796 (92e:65035)},
  Owner                    = {andre},
  Timestamp                = {2013.11.13},
  Url                      = {http://dx.doi.org/10.1137/0912003}
}

@Article{BroW97,
  Title                    = {G{MRES} on (nearly) singular systems},
  Author                   = {Brown, Peter N. and Walker, Homer F.},
  Journal                  = {SIAM J. Matrix Anal. Appl.},
  Year                     = {1997},
  Number                   = {1},
  Pages                    = {37--51},
  Volume                   = {18},

  Coden                    = {SJMAEL},
  Doi                      = {10.1137/S0895479894262339},
  File                     = {BroW97.pdf:BroW97.pdf:PDF},
  Fjournal                 = {SIAM Journal on Matrix Analysis and Applications},
  ISSN                     = {0895-4798},
  Mrclass                  = {65F10},
  Mrnumber                 = {1428197 (97m:65061)},
  Mrreviewer               = {Xinguo Liu},
  Url                      = {http://dx.doi.org/10.1137/S0895479894262339}
}

@Article{Buc00,
  Title                    = {Hilbert space idempotents and involutions},
  Author                   = {Buckholtz, Don},
  Journal                  = {Proc. Amer. Math. Soc.},
  Year                     = {2000},
  Pages                    = {1415--1418},
  Volume                   = {128},

  Coden                    = {PAMYAR},
  Doi                      = {10.1090/S0002-9939-99-05233-8},
  File                     = {Buc00.pdf:Buc00.pdf:PDF},
  Fjournal                 = {Proceedings of the American Mathematical Society},
  ISSN                     = {0002-9939},
  Mrclass                  = {46C05 (47A05 47A30)},
  Mrnumber                 = {1653425 (2000j:46044)},
  Mrreviewer               = {Jaroslav Zem{\'a}nek},
  Owner                    = {gaul},
  Timestamp                = {2012.09.11},
  Url                      = {http://dx.doi.org/10.1090/S0002-9939-99-05233-8}
}

@Article{Buc97,
  Title                    = {Inverting the difference of {H}ilbert space projections},
  Author                   = {Buckholtz, Don},
  Journal                  = {Amer. Math. Monthly},
  Year                     = {1997},
  Number                   = {1},
  Pages                    = {60--61},
  Volume                   = {104},

  Coden                    = {AMMYAE},
  Doi                      = {10.2307/2974825},
  File                     = {Buc97.pdf:Buc97.pdf:PDF},
  Fjournal                 = {The American Mathematical Monthly},
  ISSN                     = {0002-9890},
  Mrclass                  = {47A05 (47A62)},
  Mrnumber                 = {1426419 (98a:47002)},
  Mrreviewer               = {Vladimir Rako{\v{c}}evi{\'c}},
  Owner                    = {gaul},
  Timestamp                = {2012.09.11},
  Url                      = {http://dx.doi.org/10.2307/2974825}
}

@Article{CaoXL96,
  Title                    = {A sharp version of {K}ahan's theorem on clustered eigenvalues},
  Author                   = {Cao, Zhi-hao and Xie, Jin-Jun and Li, Ren-Cang},
  Journal                  = {Linear Algebra Appl.},
  Year                     = {1996},
  Pages                    = {147--155},
  Volume                   = {245},

  Coden                    = {LAAPAW},
  Doi                      = {10.1016/0024-3795(94)00226-6},
  File                     = {CaoXL96.pdf:CaoXL96.pdf:PDF},
  Fjournal                 = {Linear Algebra and its Applications},
  ISSN                     = {0024-3795},
  Mrclass                  = {15A18 (65F15)},
  Mrnumber                 = {1404174 (97g:15006)},
  Mrreviewer               = {Mei-Qin Chen},
  Owner                    = {gaul},
  Timestamp                = {2012.10.08},
  Url                      = {http://dx.doi.org/10.1016/0024-3795(94)00226-6}
}

@Article{CarGK96,
  Title                    = {Condition number of the {K}rylov bases and subspaces},
  Author                   = {Carpraux, J.-F. and Godunov, S. K. and Kuznetsov, S. V.},
  Journal                  = {Linear Algebra Appl.},
  Year                     = {1996},
  Pages                    = {137--160},
  Volume                   = {248},

  Coden                    = {LAAPAW},
  Doi                      = {10.1016/0024-3795(95)00164-6},
  File                     = {CarGK96.pdf:CarGK96.pdf:PDF},
  Fjournal                 = {Linear Algebra and its Applications},
  ISSN                     = {0024-3795},
  Mrclass                  = {65F50 (15A12)},
  Mrnumber                 = {1416454 (97g:65098)},
  Owner                    = {andre},
  Timestamp                = {2013.12.17},
  Url                      = {http://dx.doi.org/10.1016/0024-3795(95)00164-6}
}

@Article{ChaS97,
  Title                    = {Deflated and augmented {K}rylov subspace techniques},
  Author                   = {Chapman, Andrew and Saad, Yousef},
  Journal                  = {Numer. Linear Algebra Appl.},
  Year                     = {1997},
  Number                   = {1},
  Pages                    = {43--66},
  Volume                   = {4},

  Coden                    = {NLAAEM},
  Doi                      = {10.1002/(SICI)1099-1506(199701/02)4:1<43::AID-NLA99>3.3.CO;2-Q},
  File                     = {ChaS97.pdf:ChaS97.pdf:PDF},
  Fjournal                 = {Numerical Linear Algebra with Applications},
  ISSN                     = {1070-5325},
  Mrclass                  = {65F10},
  Mrnumber                 = {1442463 (97m:65063)},
  Mrreviewer               = {Heike Fa{\ss}bender},
  Review                   = {"There are several reasons why this strategy may seem unlikely to be helpful in realistic situations. First, for very large matrices, removing a small number of eigenvalues out of a very large number of them close to zero may seem to have a limited effect on the solver. Another argument is that difficulties are often caused by high non-normality rather than small eigenvalues. In the highly non-normal case, it is indeed unlikely that deflation methods will help significantly."},
  Url                      = {http://dx.doi.org/10.1002/(SICI)1099-1506(199701/02)4:1<43::AID-NLA99>3.3.CO;2-Q}
}

@Article{Dan67,
  Title                    = {The conjugate gradient method for linear and nonlinear operator equations},
  Author                   = {Daniel, James W.},
  Journal                  = {SIAM J. Numer. Anal.},
  Year                     = {1967},
  Pages                    = {10--26},
  Volume                   = {4},

  File                     = {Dan67.pdf:Dan67.pdf:PDF},
  Fjournal                 = {SIAM Journal on Numerical Analysis},
  ISSN                     = {0036-1429},
  Mrclass                  = {65.10 (47.00)},
  Mrnumber                 = {0217987 (36 \#1076)},
  Mrreviewer               = {R. L. Graves},
  Owner                    = {andre},
  Timestamp                = {2013.10.29}
}

@Article{DarMW08,
  Title                    = {Deflated {GMRES} for systems with multiple shifts and multiple right-hand sides},
  Author                   = {Darnell, Dean and Morgan, Ronald B. and Wilcox, Walter},
  Journal                  = {Linear Algebra Appl.},
  Year                     = {2008},
  Number                   = {10},
  Pages                    = {2415--2434},
  Volume                   = {429},

  Coden                    = {LAAPAW},
  Doi                      = {10.1016/j.laa.2008.04.019},
  File                     = {DarMW08.pdf:DarMW08.pdf:PDF},
  Fjournal                 = {Linear Algebra and its Applications},
  ISSN                     = {0024-3795},
  Mrclass                  = {65F10 (81T25 81T80 81V05)},
  Mrnumber                 = {2456787 (2009j:65084)},
  Url                      = {http://dx.doi.org/10.1016/j.laa.2008.04.019}
}

@Article{DavK70,
  Title                    = {The rotation of eigenvectors by a perturbation. {III}},
  Author                   = {Davis, Chandler and Kahan, W. M.},
  Journal                  = {SIAM J. Numer. Anal.},
  Year                     = {1970},
  Pages                    = {1--46},
  Volume                   = {7},

  File                     = {DavK70.pdf:DavK70.pdf:PDF},
  Fjournal                 = {SIAM Journal on Numerical Analysis},
  ISSN                     = {0036-1429},
  Mrclass                  = {47.48},
  Mrnumber                 = {0264450 (41 \#9044)},
  Mrreviewer               = {C. A. Hall},
  Owner                    = {gaul},
  Timestamp                = {2011.09.22}
}

@Article{DavKW82,
  Title                    = {Norm-preserving dilations and their applications to optimal error bounds},
  Author                   = {Davis, Chandler and Kahan, W. M. and Weinberger, H. F.},
  Journal                  = {SIAM J. Numer. Anal.},
  Year                     = {1982},
  Number                   = {3},
  Pages                    = {445--469},
  Volume                   = {19},

  Coden                    = {SJNAAM},
  Doi                      = {10.1137/0719029},
  File                     = {DavKW82.pdf:DavKW82.pdf:PDF},
  Fjournal                 = {SIAM Journal on Numerical Analysis},
  ISSN                     = {0036-1429},
  Mrclass                  = {47A20 (65J10)},
  Mrnumber                 = {656462 (84b:47010)},
  Mrreviewer               = {Peter Lancaster},
  Owner                    = {andre},
  Timestamp                = {2013.01.16},
  Url                      = {http://dx.doi.org/10.1137/0719029}
}

@Article{DecKK83,
  Title                    = {Convergence rates for {N}ewton's method at singular points},
  Author                   = {Decker, D. W. and Keller, H. B. and Kelley, C. T.},
  Journal                  = {SIAM J. Numer. Anal.},
  Year                     = {1983},
  Number                   = {2},
  Pages                    = {296--314},
  Volume                   = {20},

  Coden                    = {SJNAAM},
  Doi                      = {10.1137/0720020},
  File                     = {DecKK83.pdf:DecKK83.pdf:PDF},
  Fjournal                 = {SIAM Journal on Numerical Analysis},
  ISSN                     = {0036-1429},
  Mrclass                  = {65J15 (47H17)},
  Mrnumber                 = {694520 (84d:65041)},
  Mrreviewer               = {Simeon Reich},
  Owner                    = {andre},
  Timestamp                = {2014.03.21},
  Url                      = {http://dx.doi.org/10.1137/0720020}
}

@Article{DecK80,
  Title                    = {Newton's method at singular points. {I}},
  Author                   = {Decker, D. W. and Kelley, C. T.},
  Journal                  = {SIAM J. Numer. Anal.},
  Year                     = {1980},
  Number                   = {1},
  Pages                    = {66--70},
  Volume                   = {17},

  Coden                    = {SJNAAM},
  Doi                      = {10.1137/0717009},
  File                     = {DecK80.pdf:DecK80.pdf:PDF},
  Fjournal                 = {SIAM Journal on Numerical Analysis},
  ISSN                     = {0036-1429},
  Mrclass                  = {65J15},
  Mrnumber                 = {559463 (81k:65065a)},
  Mrreviewer               = {A. A. Fonarev},
  Owner                    = {andre},
  Timestamp                = {2014.03.21},
  Url                      = {http://dx.doi.org/10.1137/0717009}
}

@Article{Del55,
  Title                    = {Su una nozione di variet\`a lineari disgiunte di uno spazio di {B}anach},
  Author                   = {Del Pasqua, Dario},
  Journal                  = {Rend. Mat. e Appl. (5)},
  Year                     = {1955},
  Pages                    = {406--422},
  Volume                   = {13},

  Mrclass                  = {46.2X},
  Mrnumber                 = {0077083 (17,986k)},
  Mrreviewer               = {V. L. Klee, Jr.},
  Owner                    = {gaul},
  Timestamp                = {2012.09.07}
}

@Book{Dem97,
  Title                    = {Applied numerical linear algebra},
  Author                   = {Demmel, James W.},
  Publisher                = {SIAM},
  Year                     = {1997},

  Address                  = {Philadelphia, PA},

  Doi                      = {10.1137/1.9781611971446},
  File                     = {Dem97.pdf:Dem97.pdf:PDF},
  ISBN                     = {0-89871-389-7},
  Mrclass                  = {65-01 (65Fxx)},
  Mrnumber                 = {1463942 (98m:65001)},
  Mrreviewer               = {William W. Hager},
  Owner                    = {andre},
  Pages                    = {xii+419},
  Timestamp                = {2014.01.15},
  Url                      = {http://dx.doi.org/10.1137/1.9781611971446}
}

@Book{Deu11,
  Title                    = {Newton methods for nonlinear problems},
  Author                   = {Deuflhard, Peter},
  Publisher                = {Springer-Verlag},
  Year                     = {2011},

  Address                  = {Berlin},
  Note                     = {Affine invariance and adaptive algorithms, First softcover printing of the 2006 corrected printing},
  Series                   = {Springer Series in Computational Mathematics},
  Volume                   = {35},

  Doi                      = {10.1007/978-3-642-23899-4},
  ISBN                     = {978-3-642-23898-7},
  Mrclass                  = {65-02 (65Hxx)},
  Mrnumber                 = {2893875 (2012j:65002)},
  Owner                    = {andre},
  Pages                    = {xii+424},
  Timestamp                = {2014.03.21},
  Url                      = {http://dx.doi.org/10.1007/978-3-642-23899-4}
}

@Article{DirRW05,
  Title                    = {Estimates for projections in {B}anach spaces and existence of direct complements},
  Author                   = {Dirr, Gunther and Rako{\v{c}}evi{\'c}, Vladimir and Wimmer, Harald K.},
  Journal                  = {Studia Math.},
  Year                     = {2005},
  Number                   = {2},
  Pages                    = {211--216},
  Volume                   = {170},

  Doi                      = {10.4064/sm170-2-6},
  File                     = {DirRW05.pdf:DirRW05.pdf:PDF},
  Fjournal                 = {Studia Mathematica},
  ISSN                     = {0039-3223},
  Mrclass                  = {46B20 (47A05)},
  Mrnumber                 = {2184106 (2006f:46013)},
  Owner                    = {gaul},
  Timestamp                = {2012.07.19},
  Url                      = {http://dx.doi.org/10.4064/sm170-2-6}
}

@Article{Dos88,
  Title                    = {Conjugate gradient method with preconditioning by projector},
  Author                   = {Zden\v{e}k Dost\'{a}l},
  Journal                  = {Int. J. Comput. Math.},
  Year                     = {1988},
  Number                   = {3},
  Pages                    = {315--323},
  Volume                   = {23},

  Doi                      = {10.1080/00207168808803625},
  File                     = {Dos88.pdf:Dos88.pdf:PDF},
  Fjournal                 = {International Journal of Computer Mathematics},
  ISSN                     = {0020-7160},
  Url                      = {http://www.informaworld.com/10.1080/00207168808803625}
}

@Article{Dra58,
  Title                    = {Pseudo-inverses in associative rings and semigroups},
  Author                   = {Drazin, M. P.},
  Journal                  = {Amer. Math. Monthly},
  Year                     = {1958},
  Pages                    = {506--514},
  Volume                   = {65},

  File                     = {Dra58.pdf:Dra58.pdf:PDF},
  Fjournal                 = {The American Mathematical Monthly},
  ISSN                     = {0002-9890},
  Mrclass                  = {16.00 (15.00)},
  Mrnumber                 = {0098762 (20 \#5217)},
  Mrreviewer               = {A. Rosenberg},
  Owner                    = {andre},
  Timestamp                = {2013.11.18}
}

@Article{DrkGRS95,
  Title                    = {Numerical stability of {GMRES}},
  Author                   = {Drko{\v{s}}ov{\'a}, J. and Greenbaum, A. and Rozlo{\v{z}}n{\'{\i}}k, M. and Strako{\v{s}}, Z.},
  Journal                  = {BIT},
  Year                     = {1995},
  Number                   = {3},
  Pages                    = {309--330},
  Volume                   = {35},

  Coden                    = {NBITAB},
  Doi                      = {10.1007/BF01732607},
  File                     = {DrkGRS95.pdf:DrkGRS95.pdf:PDF},
  Fjournal                 = {BIT. Numerical Mathematics},
  ISSN                     = {0006-3835},
  Mrclass                  = {65F05},
  Mrnumber                 = {1430912 (97j:65050)},
  Mrreviewer               = {R. P. Tewarson},
  Url                      = {http://dx.doi.org/10.1007/BF01732607}
}

@Article{DuGP93,
  Title                    = {Modeling and analysis of a periodic {G}inzburg-{L}andau model for type-\textrm{II} superconductors},
  Author                   = {Du, Qiang and Gunzburger, Max D. and Peterson, Janet S.},
  Journal                  = {SIAM J. Appl. Math.},
  Year                     = {1993},
  Number                   = {3},
  Pages                    = {689--717},
  Volume                   = {53},

  Coden                    = {SMJMAP},
  Doi                      = {10.1137/0153035},
  File                     = {DuGP93.pdf:DuGP93.pdf:PDF},
  Fjournal                 = {SIAM Journal on Applied Mathematics},
  ISSN                     = {0036-1399},
  Mrclass                  = {82D55 (35Q60)},
  Mrnumber                 = {1218380 (94h:82064)},
  Owner                    = {andre},
  Timestamp                = {2014.03.21},
  Url                      = {http://dx.doi.org/10.1137/0153035}
}

@Article{DuiT10,
  Title                    = {Preconditioner updates for solving sequences of linear systems in matrix-free environment},
  Author                   = {Duintjer Tebbens, Jurjen and T\r{u}ma, Miroslav},
  Journal                  = {Numer. Linear Algebra Appl.},
  Year                     = {2010},
  Number                   = {6},
  Pages                    = {997--1019},
  Volume                   = {17},

  Coden                    = {NLAAEM},
  Doi                      = {10.1002/nla.695},
  File                     = {DuiT10.pdf:DuiT10.pdf:PDF},
  Fjournal                 = {Numerical Linear Algebra with Applications},
  ISSN                     = {1070-5325},
  Mrclass                  = {65F08 (65F10)},
  Mrnumber                 = {2759605 (2011m:65060)},
  Mrreviewer               = {Kees Vuik},
  Owner                    = {andre},
  Timestamp                = {2013.12.05},
  Url                      = {http://dx.doi.org/10.1002/nla.695}
}

@InCollection{DuiT08,
  Title                    = {Improving triangular preconditioner updates for nonsymmetric linear systems},
  Author                   = {Duintjer Tebbens, Jurjen and T\r{u}ma, Miroslav},
  Booktitle                = {Large-scale scientific computing},
  Publisher                = {Springer-Verlag},
  Year                     = {2008},

  Address                  = {Berlin},
  Pages                    = {737--744},
  Series                   = {Lecture Notes in Comput. Sci.},
  Volume                   = {4818},

  Doi                      = {10.1007/978-3-540-78827-0_85},
  File                     = {DuiT08.pdf:DuiT08.pdf:PDF},
  Mrclass                  = {65F10},
  Mrnumber                 = {2518466},
  Owner                    = {andre},
  Timestamp                = {2013.12.05},
  Url                      = {http://dx.doi.org/10.1007/978-3-540-78827-0_85}
}

@Article{DuiT07,
  Title                    = {Efficient preconditioning of sequences of nonsymmetric linear systems},
  Author                   = {Duintjer Tebbens, Jurjen and T\r{u}ma, Miroslav},
  Journal                  = {SIAM J. Sci. Comput.},
  Year                     = {2007},
  Number                   = {5},
  Pages                    = {1918--1941},
  Volume                   = {29},

  Doi                      = {10.1137/06066151X},
  File                     = {DuiT07.pdf:DuiT07.pdf:PDF},
  Fjournal                 = {SIAM Journal on Scientific Computing},
  ISSN                     = {1064-8275},
  Mrclass                  = {65F10 (15A06 65F50 65N22)},
  Mrnumber                 = {2350013 (2008j:65041)},
  Mrreviewer               = {Arnold Reusken},
  Owner                    = {andre},
  Timestamp                = {2013.12.05},
  Url                      = {http://dx.doi.org/10.1137/06066151X}
}

@Article{Eie93,
  Title                    = {Fields of values and iterative methods},
  Author                   = {Eiermann, Michael},
  Journal                  = {Linear Algebra Appl.},
  Year                     = {1993},
  Pages                    = {167--197},
  Volume                   = {180},

  Coden                    = {LAAPAW},
  Doi                      = {10.1016/0024-3795(93)90530-2},
  File                     = {Eie93.pdf:Eie93.pdf:PDF},
  Fjournal                 = {Linear Algebra and its Applications},
  ISSN                     = {0024-3795},
  Mrclass                  = {65F10},
  Mrnumber                 = {1206415 (94c:65037)},
  Mrreviewer               = {George D. Poole},
  Owner                    = {andre},
  Timestamp                = {2013.11.21},
  Url                      = {http://dx.doi.org/10.1016/0024-3795(93)90530-2}
}

@Article{EieE01,
  Title                    = {Geometric aspects of the theory of {K}rylov subspace methods},
  Author                   = {Eiermann, Michael and Ernst, Oliver G.},
  Journal                  = {Acta Numer.},
  Year                     = {2001},
  Pages                    = {251--312},
  Volume                   = {10},

  Doi                      = {10.1017/S0962492901000046},
  File                     = {EieE01.pdf:EieE01.pdf:PDF},
  Fjournal                 = {Acta Numerica},
  ISSN                     = {0962-4929},
  Mrclass                  = {65F10 (65Y20)},
  Mrnumber                 = {2009695 (2004j:65042)},
  Mrreviewer               = {Andrew Hughes-Hallett},
  Owner                    = {gaul},
  Timestamp                = {2012.09.14},
  Url                      = {http://dx.doi.org/10.1017/S0962492901000046}
}

@Article{EieES00,
  Title                    = {Analysis of acceleration strategies for restarted minimal residual methods},
  Author                   = {Eiermann, Michael and Ernst, Oliver G. and Schneider, Olaf},
  Journal                  = {J. Comput. Appl. Math.},
  Year                     = {2000},
  Number                   = {1-2},
  Pages                    = {261--292},
  Volume                   = {123},

  Coden                    = {JCAMDI},
  Doi                      = {10.1016/S0377-0427(00)00398-8},
  File                     = {EieES00.pdf:EieES00.pdf:PDF},
  Fjournal                 = {Journal of Computational and Applied Mathematics},
  ISSN                     = {0377-0427},
  Mrclass                  = {65F10 (65F15)},
  Mrnumber                 = {1798529 (2001j:65051)},
  Mrreviewer               = {Arnold Reusken},
  Optnote                  = {Numerical analysis 2000, Vol. III. Linear algebra},
  Review                   = {general hilbert spaces, augmentation with direct sums},
  Url                      = {http://dx.doi.org/10.1016/S0377-0427(00)00398-8}
}

@Article{EisES83,
  Title                    = {Variational iterative methods for nonsymmetric systems of linear equations},
  Author                   = {Eisenstat, Stanley C. and Elman, Howard C. and Schultz, Martin H.},
  Journal                  = {SIAM J. Numer. Anal.},
  Year                     = {1983},
  Number                   = {2},
  Pages                    = {345--357},
  Volume                   = {20},

  Coden                    = {SJNAAM},
  Doi                      = {10.1137/0720023},
  File                     = {EisES83.pdf:EisES83.pdf:PDF},
  Fjournal                 = {SIAM Journal on Numerical Analysis},
  ISSN                     = {0036-1429},
  Mrclass                  = {65F10},
  Mrnumber                 = {694523 (84h:65030)},
  Mrreviewer               = {Zden{\v{e}}k Dost{\'a}l},
  Owner                    = {andre},
  Timestamp                = {2013.12.18},
  Url                      = {http://dx.doi.org/10.1137/0720023}
}

@Thesis{Elm82,
  Title                    = {Iterative methods for large, sparse, nonsymmetric systems of linear equations},
  Author                   = {Howard C. Elman},
  Institution              = {Yale {U}niversity},
  Type                     = {{PhD} thesis},
  Year                     = {1982},
  File                     = {Elm82.pdf:Elm82.pdf:PDF},
  Owner                    = {andre},
  Quality                  = {1},
  Timestamp                = {2013.12.18}
}

@Book{ElmSW05,
  Title                    = {Finite elements and fast iterative solvers: with applications in incompressible fluid dynamics},
  Author                   = {Elman, Howard C. and Silvester, David J. and Wathen, Andrew J.},
  Publisher                = {Oxford University Press},
  Year                     = {2005},

  Address                  = {New York},
  Series                   = {Numerical Mathematics and Scientific Computation},

  File                     = {ElmSW05.pdf:ElmSW05.pdf:PDF},
  ISBN                     = {978-0-19-852868-5; 0-19-852868-X},
  Mrclass                  = {65-02 (65N22 65N30 76M10)},
  Mrnumber                 = {2155549 (2006f:65002)},
  Mrreviewer               = {J{\'a}nos Kar{\'a}tson},
  Owner                    = {gaul},
  Pages                    = {xiv+400},
  Timestamp                = {2011.09.02}
}

@Article{ErhBP96,
  Title                    = {Restarted {GMRES} preconditioned by deflation},
  Author                   = {Erhel, Jocelyne and Burrage, Kevin and Pohl, Bert},
  Journal                  = {J. Comput. Appl. Math.},
  Year                     = {1996},
  Number                   = {2},
  Pages                    = {303--318},
  Volume                   = {69},

  Coden                    = {JCAMDI},
  Doi                      = {10.1016/0377-0427(95)00047-X},
  File                     = {ErhBP96.pdf:ErhBP96.pdf:PDF},
  Fjournal                 = {Journal of Computational and Applied Mathematics},
  ISSN                     = {0377-0427},
  Mrclass                  = {65F10 (65F15)},
  Mrnumber                 = {1395289 (97a:65035)},
  Url                      = {http://dx.doi.org/10.1016/0377-0427(95)00047-X}
}

@Article{ErhG00,
  Title                    = {An augmented conjugate gradient method for solving consecutive symmetric positive definite linear systems},
  Author                   = {Erhel, Jocelyne and Guyomarc'h, Fr{\'e}d{\'e}ric},
  Journal                  = {SIAM J. Matrix Anal. Appl.},
  Year                     = {2000},
  Number                   = {4},
  Pages                    = {1279--1299},
  Volume                   = {21},

  Doi                      = {10.1137/S0895479897330194},
  File                     = {ErhG00.pdf:ErhG00.pdf:PDF},
  Fjournal                 = {SIAM Journal on Matrix Analysis and Applications},
  ISSN                     = {0895-4798},
  Mrclass                  = {65F30 (65F10)},
  Mrnumber                 = {1780273 (2001d:65058)},
  Owner                    = {andre},
  Timestamp                = {2013.12.10},
  Url                      = {http://dx.doi.org/10.1137/S0895479897330194}
}

@Report{ErhG97,
  Title                    = {An Augmented Subspace {C}onjugate {G}radient},
  Author                   = {Erhel, Jocelyne and Guyomarc'h, Fr{\'e}d{\'e}ric},
  Institution              = {INRIA},
  Year                     = {1997},

  Type                     = {Research report},

  Affiliation              = {ALADIN - INRIA - IRISA},
  File                     = {ErhG97.pdf:ErhG97.pdf:PDF},
  Number                   = {RR-3278},
  Owner                    = {andre},
  Timestamp                = {2013.12.12}
}

@Article{ErlN08,
  Title                    = {Deflation and balancing preconditioners for {K}rylov subspace methods applied to nonsymmetric matrices},
  Author                   = {Erlangga, Yogi A. and Nabben, Reinhard},
  Journal                  = {SIAM J. Matrix Anal. Appl.},
  Year                     = {2008},
  Number                   = {2},
  Pages                    = {684--699},
  Volume                   = {30},

  Doi                      = {10.1137/060678257},
  File                     = {ErlN08.pdf:ErlN08.pdf:PDF},
  Fjournal                 = {SIAM Journal on Matrix Analysis and Applications},
  ISSN                     = {0895-4798},
  Mrclass                  = {65F10 (65F50 65N22 65N55)},
  Mrnumber                 = {2421465 (2009e:65056)},
  Mrreviewer               = {Daniele Bertaccini},
  Url                      = {http://dx.doi.org/10.1137/060678257}
}

@Article{ErlN08a,
  Title                    = {Multilevel projection-based nested {K}rylov iteration for boundary value problems},
  Author                   = {Erlangga, Yogi A. and Nabben, Reinhard},
  Journal                  = {SIAM J. Sci. Comput.},
  Year                     = {2008},
  Number                   = {3},
  Pages                    = {1572--1595},
  Volume                   = {30},

  Doi                      = {10.1137/070684550},
  File                     = {ErlN08a.pdf:ErlN08a.pdf:PDF},
  Fjournal                 = {SIAM Journal on Scientific Computing},
  ISSN                     = {1064-8275},
  Mrclass                  = {65F10},
  Mrnumber                 = {2398879 (2009d:65047)},
  Mrreviewer               = {Rafael J. Villanueva},
  Owner                    = {gaul},
  Timestamp                = {2011.11.28},
  Url                      = {http://dx.doi.org/10.1137/070684550}
}

@Article{Ern00,
  Title                    = {Residual-minimizing {K}rylov subspace methods for stabilized discretizations of convection-diffusion equations},
  Author                   = {Ernst, Oliver G.},
  Journal                  = {SIAM J. Matrix Anal. Appl.},
  Year                     = {2000},
  Number                   = {4},
  Pages                    = {1079--1101},
  Volume                   = {21},

  Doi                      = {10.1137/S0895479897325761},
  File                     = {Ern00.pdf:Ern00.pdf:PDF},
  Fjournal                 = {SIAM Journal on Matrix Analysis and Applications},
  ISSN                     = {0895-4798},
  Mrclass                  = {65N22 (65F30)},
  Mrnumber                 = {1745520 (2001h:65134)},
  Mrreviewer               = {Larisa V. Maslovskaya},
  Owner                    = {andre},
  Timestamp                = {2014.04.09},
  Url                      = {http://dx.doi.org/10.1137/S0895479897325761}
}

@Thesis{Fel09,
  Title                    = {Spectral stability estimates for the eigenfunctions of second order elliptic operators},
  Author                   = {E. Feleqi},
  Institution              = {Universit\`a degli Studi di Padova},
  Type                     = {{PhD} thesis},
  Year                     = {2009},
  File                     = {Fel09.pdf:Fel09.pdf:PDF},
  Owner                    = {gaul},
  Timestamp                = {2012.08.31}
}

@Book{Fis11,
  Title                    = {Polynomial based iteration methods for symmetric linear systems},
  Author                   = {Fischer, Bernd},
  Publisher                = {SIAM},
  Year                     = {2011},

  Address                  = {Philadelphia, PA},
  Note                     = {Reprint of the 1996 edition},
  Series                   = {Classics in Applied Mathematics},
  Volume                   = {68},

  File                     = {Fis11.pdf:Fis11.pdf:PDF},
  ISBN                     = {0-471-96796-3},
  Mrclass                  = {65Fxx},
  Mrnumber                 = {1449136 (98e:65017)},
  Mrreviewer               = {Zuhe Shen},
  Owner                    = {andre},
  Pagetotal                = {283},
  Timestamp                = {2013.11.05}
}

@Article{Fis98,
  Title                    = {Projection techniques for iterative solution of {$A\underline x=\underline b$} with successive right-hand sides},
  Author                   = {Fischer, Paul F.},
  Journal                  = {Comput. Methods Appl. Mech. Engrg.},
  Year                     = {1998},
  Number                   = {1-4},
  Pages                    = {193--204},
  Volume                   = {163},

  Coden                    = {CMMECC},
  Doi                      = {10.1016/S0045-7825(98)00012-7},
  Fjournal                 = {Computer Methods in Applied Mechanics and Engineering},
  ISSN                     = {0045-7825},
  Mrclass                  = {65F10 (76M25)},
  Mrnumber                 = {1653747 (99g:65038)},
  Owner                    = {andre},
  Timestamp                = {2013.12.02},
  Url                      = {http://dx.doi.org/10.1016/S0045-7825(98)00012-7}
}

@Article{FraV01,
  Title                    = {On the construction of deflation-based preconditioners},
  Author                   = {Frank, J. and Vuik, C.},
  Journal                  = {SIAM J. Sci. Comput.},
  Year                     = {2001},
  Number                   = {2},
  Pages                    = {442--462},
  Volume                   = {23},

  Doi                      = {10.1137/S1064827500373231},
  File                     = {FraV01.pdf:FraV01.pdf:PDF},
  Fjournal                 = {SIAM Journal on Scientific Computing},
  ISSN                     = {1064-8275},
  Mrclass                  = {65F10 (65F50 65N22)},
  Mrnumber                 = {1861259 (2002i:65034)},
  Optnote                  = {Copper Mountain Conference (2000)},
  Url                      = {http://dx.doi.org/10.1137/S1064827500373231}
}

@Article{Fre92,
  Title                    = {Quasi-kernel polynomials and their use in non-{H}ermitian matrix iterations},
  Author                   = {Freund, Roland W.},
  Journal                  = {J. Comput. Appl. Math.},
  Year                     = {1992},
  Note                     = {Orthogonal polynomials and numerical methods},
  Number                   = {1-2},
  Pages                    = {135--158},
  Volume                   = {43},

  Coden                    = {JCAMDI},
  Doi                      = {10.1016/0377-0427(92)90263-W},
  File                     = {Fre92.pdf:Fre92.pdf:PDF},
  Fjournal                 = {Journal of Computational and Applied Mathematics},
  ISSN                     = {0377-0427},
  Mrclass                  = {65F10},
  Mrnumber                 = {1193298 (94a:65018)},
  Mrreviewer               = {J. Segethov{\'a}},
  Owner                    = {andre},
  Timestamp                = {2013.04.09},
  Url                      = {http://dx.doi.org/10.1016/0377-0427(92)90263-W}
}

@InCollection{FreGN92,
  Title                    = {Iterative solution of linear systems},
  Author                   = {Freund, Roland W. and Golub, Gene H. and Nachtigal, No{\"e}l M.},
  Booktitle                = {Acta numerica, 1992},
  Publisher                = {Cambridge Univ. Press},
  Year                     = {1992},

  Address                  = {Cambridge},
  Pages                    = {57--100},
  Series                   = {Acta Numer.},

  Mrclass                  = {65F10},
  Mrnumber                 = {1165723 (93g:65046)},
  Mrreviewer               = {L. Hageman},
  Owner                    = {andre},
  Timestamp                = {2013.11.27}
}

@Article{GueHS14,
  Title                    = {A note on preconditioners and scalar products in {Krylov} Subspace methods for self-adjoint problems in {Hilbert} space},
  Author                   = {Andreas G\"{u}nnel and Roland Herzog and Ekkehard Sachs},
  Journal                  = {Electron. Trans. Numer. Anal.},
  Year                     = {2014},
  Pages                    = {pp. 13--20},
  Volume                   = {41},

  File                     = {GueHS14.pdf:GueHS14.pdf:PDF},
  Owner                    = {andre},
  Timestamp                = {2014.03.03}
}

@Book{Gal04,
  Title                    = {Projectors and projection methods},
  Author                   = {Gal{\'a}ntai, Aur{\'e}l},
  Publisher                = {Kluwer Academic Publishers},
  Year                     = {2004},

  Address                  = {Boston, MA},
  Series                   = {Advances in Mathematics (Dordrecht)},
  Volume                   = {6},

  File                     = {Gal04.pdf:Gal04.pdf:PDF},
  ISBN                     = {1-4020-7572-3},
  Mrclass                  = {47A50 (15A06 47J25 47N10 65J05 90C25)},
  Mrnumber                 = {2041220 (2005f:47022)},
  Mrreviewer               = {Heinz H. Bauschke},
  Owner                    = {gaul},
  Pages                    = {x+287},
  Timestamp                = {2012.07.27}
}

@Online{krypy,
  Title                    = {{KryPy}: Krylov subspace methods package for {P}ython},
  Author                   = {Gaul, Andr{\'e}},
  Url                      = {https://github.com/andrenarchy/krypy},
  Year                     = {2013--},

  Owner                    = {andre},
  Timestamp                = {2013.06.21}
}

@Online{pseudopy,
  Title                    = {{PseudoPy}: Computation and visualization of pseudospectra in {P}ython},
  Author                   = {Gaul, Andr{\'e}},
  Url                      = {https://github.com/andrenarchy/pseudopy},

  Month                    = Jan,
  Year                     = {2014},

  Owner                    = {andre},
  Timestamp                = {2014.02.02}
}

@Article{GauGLN13,
  Title                    = {A framework for deflated and augmented {Krylov} subspace methods},
  Author                   = {Gaul, Andr{\'e} and Gutknecht, Martin H. and Liesen, J{\"o}rg and Nabben, Reinhard},
  Journal                  = {SIAM J. Matrix Anal. Appl.},
  Year                     = {2013},
  Number                   = {2},
  Pages                    = {495--518},
  Volume                   = {34},

  Coden                    = {SJMAEL},
  Doi                      = {10.1137/110820713},
  File                     = {GauGLN13.pdf:GauGLN13.pdf:PDF},
  Fjournal                 = {SIAM Journal on Matrix Analysis and Applications},
  ISSN                     = {0895-4798},
  Mrclass                  = {65F10},
  Mrnumber                 = {3054589},
  Owner                    = {andre},
  Timestamp                = {2013.08.16},
  Url                      = {http://dx.doi.org/10.1137/110820713}
}

@Report{GauS13,
  Title                    = {Preconditioned recycling {K}rylov subspace methods for self-adjoint problems},
  Author                   = {Gaul, Andr{\'e} and Schl{\"o}mer, Nico},
  Year                     = {2013},

  Type                     = {Preprint},

  File                     = {GauS13.pdf:GauS13.pdf:PDF},
  Note                     = {arXiv:1208.0264v2},
  Owner                    = {andre},
  Timestamp                = {2013.11.22}
}

@Online{pynosh,
  Title                    = {pynosh: {P}ython framework for nonlinear {S}chr\"odinger equations},
  Author                   = {Gaul, Andr{\'e} and Schl{\"o}mer, Nico},
  Url                      = {https://bitbucket.org/nschloe/pynosh},

  Month                    = jul,
  Year                     = {2013},

  Owner                    = {gaul},
  Timestamp                = {2012.07.17}
}

@Article{GedSB97,
  Title                    = {Optical solitary waves in the higher order nonlinear {Schr\"odinger} equation},
  Author                   = {Gedalin, M. and Scott, T.C. and Band, Y.B.},
  Journal                  = {Phys. Rev. Lett.},
  Year                     = {1997},
  Number                   = {3},
  Pages                    = {448-451},
  Volume                   = {78},

  Owner                    = {andre},
  Publisher                = {APS},
  Timestamp                = {2014.03.16}
}

@Article{GerS14,
  Title                    = {Composite convergence bounds based on {C}hebyshev polynomials and finite precision conjugate gradient computations},
  Author                   = {Gergelits, Tom{\'a}{\v{s}} and Strako{\v{s}}, Zden{\v{e}}k},
  Journal                  = {Numer. Algorithms},
  Year                     = {2014},
  Number                   = {4},
  Pages                    = {759--782},
  Volume                   = {65},

  Doi                      = {10.1007/s11075-013-9713-z},
  File                     = {GerS14.pdf:GerS14.pdf:PDF},
  Fjournal                 = {Numerical Algorithms},
  ISSN                     = {1017-1398},
  Mrclass                  = {Preliminary Data},
  Mrnumber                 = {3187962},
  Owner                    = {andre},
  Timestamp                = {2014.03.13},
  Url                      = {http://dx.doi.org/10.1007/s11075-013-9713-z}
}

@Article{GeuR09,
  Title                    = {Gmsh: {A} 3-{D} finite element mesh generator with built-in pre- and post-processing facilities},
  Author                   = {Geuzaine, Christophe and Remacle, Jean-Fran{\c{c}}ois},
  Journal                  = {Internat. J. Numer. Methods Engrg.},
  Year                     = {2009},
  Number                   = {11},
  Pages                    = {1309--1331},
  Volume                   = {79},

  Coden                    = {IJNMBH},
  Doi                      = {10.1002/nme.2579},
  File                     = {GeuR09.pdf:GeuR09.pdf:PDF},
  Fjournal                 = {International Journal for Numerical Methods in Engineering},
  ISSN                     = {0029-5981},
  Mrclass                  = {65N50},
  Mrnumber                 = {2566786 (2010j:65262)},
  Owner                    = {andre},
  Timestamp                = {2014.03.23},
  Url                      = {http://dx.doi.org/10.1002/nme.2579}
}

@Online{shapely,
  Title                    = {Shapely: Manipulation and analysis of geometric objects in the {Cartesian} plane.},
  Author                   = {Sean Gillies and others},
  Url                      = {http://toblerity.org/shapely/},

  Owner                    = {andre},
  Timestamp                = {2014.02.03}
}

@Article{GirL02,
  Title                    = {When modified {G}ram-{S}chmidt generates a well-conditioned set of vectors},
  Author                   = {Giraud, L. and Langou, J.},
  Journal                  = {IMA J. Numer. Anal.},
  Year                     = {2002},
  Number                   = {4},
  Pages                    = {521--528},
  Volume                   = {22},

  Coden                    = {IJNADN},
  Doi                      = {10.1093/imanum/22.4.521},
  File                     = {GirL02.pdf:GirL02.pdf:PDF},
  Fjournal                 = {IMA Journal of Numerical Analysis},
  ISSN                     = {0272-4979},
  Mrclass                  = {65F25},
  Mrnumber                 = {1936517 (2003j:65040)},
  Owner                    = {andre},
  Timestamp                = {2013.10.18},
  Url                      = {http://dx.doi.org/10.1093/imanum/22.4.521}
}

@Article{GirLR05,
  Title                    = {The loss of orthogonality in the {G}ram-{S}chmidt orthogonalization process},
  Author                   = {Giraud, L. and Langou, J. and Rozloznik, M.},
  Journal                  = {Comput. Math. Appl.},
  Year                     = {2005},
  Number                   = {7},
  Pages                    = {1069--1075},
  Volume                   = {50},

  Coden                    = {CMAPDK},
  Doi                      = {10.1016/j.camwa.2005.08.009},
  File                     = {GirLR05.pdf:GirLR05.pdf:PDF},
  Fjournal                 = {Computers \& Mathematics with Applications. An International Journal},
  ISSN                     = {0898-1221},
  Mrclass                  = {65F25 (65G50)},
  Mrnumber                 = {2167744 (2006g:65064)},
  Mrreviewer               = {Ilse C. F. Ipsen},
  Owner                    = {andre},
  Timestamp                = {2013.10.18},
  Url                      = {http://dx.doi.org/10.1016/j.camwa.2005.08.009}
}

@Book{GolV13,
  Title                    = {Matrix computations},
  Author                   = {Golub, Gene H. and Van Loan, Charles F.},
  Publisher                = {Johns Hopkins University Press},
  Year                     = {2013},

  Address                  = {Baltimore, MD},
  Edition                  = {Fourth},
  Series                   = {Johns Hopkins Studies in the Mathematical Sciences},

  ISBN                     = {978-1-4214-0794-4; 1-4214-0794-9; 978-1-4214-0859-0},
  Mrclass                  = {65-02 (65Fxx)},
  Mrnumber                 = {3024913},
  Owner                    = {andre},
  Pages                    = {xiv+756},
  Timestamp                = {2013.06.26}
}

@Book{Gre97,
  Title                    = {Iterative methods for solving linear systems},
  Author                   = {Greenbaum, Anne},
  Publisher                = {SIAM},
  Year                     = {1997},

  Address                  = {Philadelphia, PA},
  Series                   = {Frontiers in Applied Mathematics},
  Volume                   = {17},

  File                     = {Gre97.pdf:Gre97.pdf:PDF},
  ISBN                     = {0-89871-396-X},
  Mrclass                  = {65F10 (65-02 65F50)},
  Mrnumber                 = {1474725 (98j:65023)},
  Mrreviewer               = {R. P. Tewarson},
  Owner                    = {gaul},
  Pages                    = {xiv+220},
  Timestamp                = {2011.10.10}
}

@Article{GrePS96,
  Title                    = {Any nonincreasing convergence curve is possible for {GMRES}},
  Author                   = {Greenbaum, Anne and Pt{\'a}k, Vlastimil and Strako{\v{s}}, Zden{\v{e}}k},
  Journal                  = {SIAM J. Matrix Anal. Appl.},
  Year                     = {1996},
  Number                   = {3},
  Pages                    = {465--469},
  Volume                   = {17},

  Coden                    = {SJMAEL},
  Doi                      = {10.1137/S0895479894275030},
  Fjournal                 = {SIAM Journal on Matrix Analysis and Applications},
  ISSN                     = {0895-4798},
  Mrclass                  = {65F10 (65F15)},
  Mrnumber                 = {1397238 (97c:65057)},
  Owner                    = {andre},
  Timestamp                = {2013.11.06},
  Url                      = {http://dx.doi.org/10.1137/S0895479894275030}
}

@Article{GreRS97,
  Title                    = {Numerical behaviour of the modified {G}ram-{S}chmidt {GMRES} implementation},
  Author                   = {Greenbaum, A. and Rozlo{\v{z}}n{\'{\i}}k, M. and Strako{\v{s}}, Z.},
  Journal                  = {BIT},
  Year                     = {1997},
  Note                     = {Direct methods, linear algebra in optimization, iterative methods (Toulouse, 1995/1996)},
  Number                   = {3},
  Pages                    = {706--719},
  Volume                   = {37},

  Coden                    = {NBITAB},
  Doi                      = {10.1007/BF02510248},
  File                     = {GreRS97.pdf:GreRS97.pdf:PDF},
  Fjournal                 = {BIT. Numerical Mathematics},
  ISSN                     = {0006-3835},
  Mrclass                  = {65F05},
  Mrnumber                 = {1483682 (99a:65036)},
  Owner                    = {andre},
  Timestamp                = {2013.08.15},
  Url                      = {http://dx.doi.org/10.1007/BF02510248}
}

@Article{GreT94,
  Title                    = {G{MRES}/{CR} and {A}rnoldi/{L}anczos as matrix approximation problems},
  Author                   = {Greenbaum, Anne and Trefethen, Lloyd N.},
  Journal                  = {SIAM J. Sci. Comput.},
  Year                     = {1994},
  Note                     = {Iterative methods in numerical linear algebra (Copper Mountain Resort, CO, 1992)},
  Number                   = {2},
  Pages                    = {359--368},
  Volume                   = {15},

  Coden                    = {SJOCE3},
  Doi                      = {10.1137/0915025},
  File                     = {GreT94.pdf:GreT94.pdf:PDF},
  Fjournal                 = {SIAM Journal on Scientific Computing},
  ISSN                     = {1064-8275},
  Mrclass                  = {65F10 (65F15)},
  Mrnumber                 = {1261459 (95e:65029)},
  Mrreviewer               = {Zden{\v{e}}k Dost{\'a}l},
  Owner                    = {andre},
  Timestamp                = {2013.06.14},
  Url                      = {http://dx.doi.org/10.1137/0915025}
}

@Article{Gri85,
  Title                    = {On solving nonlinear equations with simple singularities or nearly singular solutions},
  Author                   = {Griewank, A.},
  Journal                  = {SIAM Rev.},
  Year                     = {1985},
  Number                   = {4},
  Pages                    = {537--563},
  Volume                   = {27},

  Coden                    = {SIREAD},
  Doi                      = {10.1137/1027141},
  File                     = {Gri85.pdf:Gri85.pdf:PDF},
  Fjournal                 = {SIAM Review. A Publication of the Society for Industrial and Applied Mathematics},
  ISSN                     = {0036-1445},
  Mrclass                  = {65H10 (58C40 58E07)},
  Mrnumber                 = {812453 (87g:65071)},
  Mrreviewer               = {Ian Gladwell},
  Owner                    = {andre},
  Timestamp                = {2014.03.21},
  Url                      = {http://dx.doi.org/10.1137/1027141}
}

@Book{Hac85,
  Title                    = {Multigrid methods and applications},
  Author                   = {Hackbusch, Wolfgang},
  Publisher                = {Springer-Verlag},
  Year                     = {1985},

  Address                  = {Berlin},
  Series                   = {Springer Series in Computational Mathematics},
  Volume                   = {4},

  ISBN                     = {3-540-12761-5},
  Mrclass                  = {65N50 (65-02 65F10 65N20)},
  Mrnumber                 = {814495 (87e:65082)},
  Mrreviewer               = {S. F. McCormick},
  Owner                    = {andre},
  Pages                    = {xiv+377},
  Timestamp                = {2013.12.06}
}

@Article{Hay68,
  Title                    = {Determination of the inertia of a partitioned {H}ermitian matrix},
  Author                   = {Haynsworth, Emilie V.},
  Journal                  = {Linear Algebra and Appl.},
  Year                     = {1968},
  Number                   = {1},
  Pages                    = {73--81},
  Volume                   = {1},

  File                     = {Hay68.pdf:Hay68.pdf:PDF},
  Mrclass                  = {15.70},
  Mrnumber                 = {0223392 (36 \#6440)},
  Mrreviewer               = {R. C. Thompson},
  Owner                    = {andre},
  Timestamp                = {2014.01.20}
}

@Article{HesS52,
  Title                    = {Methods of conjugate gradients for solving linear systems},
  Author                   = {Hestenes, Magnus R. and Stiefel, Eduard},
  Journal                  = {J. Research Nat. Bur. Standards},
  Year                     = {1952},
  Pages                    = {409--436},
  Volume                   = {49},

  File                     = {HesS52.pdf:HesS52.pdf:PDF},
  Fjournal                 = {Journal of Research of the National Bureau of Standards},
  ISSN                     = {0160-1741},
  Mrclass                  = {65.0X},
  Mrnumber                 = {0060307 (15,651a)},
  Mrreviewer               = {A. S. Householder}
}

@Article{Hun07,
  Title                    = {Matplotlib: A 2D graphics environment},
  Author                   = {Hunter, J. D.},
  Journal                  = {Computing In Science and Engineering},
  Year                     = {2007},
  Number                   = {3},
  Pages                    = {90--95},
  Volume                   = {9},

  Owner                    = {andre},
  Publisher                = {IEEE Computer Society},
  Timestamp                = {2014.02.03}
}

@Article{IpsM98,
  Title                    = {The idea behind {K}rylov methods},
  Author                   = {Ipsen, Ilse C. F. and Meyer, Carl D.},
  Journal                  = {Amer. Math. Monthly},
  Year                     = {1998},
  Number                   = {10},
  Pages                    = {889--899},
  Volume                   = {105},

  Coden                    = {AMMYAE},
  Doi                      = {10.2307/2589281},
  File                     = {IpsM98.pdf:IpsM98.pdf:PDF},
  Fjournal                 = {American Mathematical Monthly},
  ISSN                     = {0002-9890},
  Mrclass                  = {65F10},
  Mrnumber                 = {1656931 (99g:65040)},
  Owner                    = {andre},
  Timestamp                = {2013.11.15},
  Url                      = {http://dx.doi.org/10.2307/2589281}
}

@Article{Jen77,
  Title                    = {Influence of the eigenvalue spectrum on the convergence rate of the conjugate gradient method},
  Author                   = {Jennings, A.},
  Journal                  = {J. Inst. Math. Appl.},
  Year                     = {1977},
  Number                   = {1},
  Pages                    = {61--72},
  Volume                   = {20},

  File                     = {Jen77.pdf:Jen77.pdf:PDF},
  Fjournal                 = {Journal of the Institute of Mathematics and its Applications},
  ISSN                     = {0020-2932},
  Mrclass                  = {65F15},
  Mrnumber                 = {0451658 (56 \#9940)},
  Mrreviewer               = {F. Szidarovszky},
  Owner                    = {andre},
  Timestamp                = {2014.03.03}
}

@Article{Jia98,
  Title                    = {The convergence of {K}rylov subspace methods for large unsymmetric linear systems},
  Author                   = {Jia, Zhongxiao},
  Journal                  = {Acta Math. Sinica (N.S.)},
  Year                     = {1998},
  Number                   = {4},
  Pages                    = {507--518},
  Volume                   = {14},

  Coden                    = {AMSSFV},
  Doi                      = {10.1007/BF02580408},
  File                     = {Jia98.pdf:Jia98.pdf:PDF},
  Fjournal                 = {Acta Mathematica Sinica. New Series},
  ISSN                     = {1000-9574},
  Mrclass                  = {65F10 (41A10)},
  Mrnumber                 = {1700053 (2000g:65024)},
  Mrreviewer               = {Xinguo Liu},
  Owner                    = {andre},
  Timestamp                = {2014.03.03},
  Url                      = {http://dx.doi.org/10.1007/BF02580408}
}

@Online{scipy,
  Title                    = {{SciPy}: Open source scientific tools for {Python}},
  Author                   = {Eric Jones and Travis Oliphant and Pearu Peterson and others},
  Url                      = {http://www.scipy.org/},
  Year                     = {2001--},

  Owner                    = {andre},
  Timestamp                = {2014.02.03}
}

@Thesis{Juj05,
  Title                    = {Angles between infinite dimensional subspaces},
  Author                   = {A. Jujunashvili},
  Institution              = {University of Colorado Denver},
  Type                     = {{PhD} thesis},
  Year                     = {2005},
  File                     = {Juj05.pdf:Juj05.pdf:PDF},
  Owner                    = {gaul},
  Timestamp                = {2012.08.31}
}

@Report{Kah67,
  Title                    = {Inclusion theorems for clusters of eigenvalues of {H}ermitian matrices},
  Author                   = {Kahan, W. M.},
  Institution              = {Department of {C}omputer {S}cience},
  Year                     = {1967},

  Address                  = {Univ. of Toronto},
  Owner                    = {andre},
  Timestamp                = {2014.02.06}
}

@Report{KahR12,
  Title                    = {Analysis of the Deflated {Conjugate} {Gradient} Method Based on Symmetric {Multigrid} Theory},
  Author                   = {Kahl, K. and Rittich, H.},
  Year                     = {2012},

  Type                     = {Preprint},

  File                     = {KahR12.pdf:KahR12.pdf:PDF},
  Note                     = {arXiv:1209.1963v1},
  Owner                    = {andre},
  Timestamp                = {2013.11.22}
}

@Book{Kat95,
  Title                    = {Perturbation theory for linear operators},
  Author                   = {Kato, Tosio},
  Publisher                = {Springer-Verlag},
  Year                     = {1995},

  Address                  = {Berlin},
  Note                     = {Reprint of the 1980 edition},
  Series                   = {Classics in Mathematics},

  ISBN                     = {3-540-58661-X},
  Mrclass                  = {47A55 (46-00 47-00)},
  Mrnumber                 = {1335452 (96a:47025)},
  Owner                    = {gaul},
  Pages                    = {xxii+619},
  Timestamp                = {2012.07.30}
}

@Article{Kat60,
  Title                    = {Estimation of iterated matrices, with application to the von {N}eumann condition},
  Author                   = {Kato, Tosio},
  Journal                  = {Numer. Math.},
  Year                     = {1960},
  Pages                    = {22--29},
  Volume                   = {2},

  Fjournal                 = {Numerische Mathematik},
  ISSN                     = {0029-599X},
  Mrclass                  = {15.00},
  Mrnumber                 = {0109826 (22 \#711)},
  Mrreviewer               = {A. S. Householder},
  Owner                    = {gaul},
  Timestamp                = {2012.09.07}
}

@Article{Kel83,
  Title                    = {The bordering algorithm and path following near singular points of higher nullity},
  Author                   = {Keller, Herbert B.},
  Journal                  = {SIAM J. Sci. Statist. Comput.},
  Year                     = {1983},
  Number                   = {4},
  Pages                    = {573--582},
  Volume                   = {4},

  Coden                    = {SIJCD4},
  Doi                      = {10.1137/0904039},
  File                     = {Kel83.pdf:Kel83.pdf:PDF},
  Fjournal                 = {Society for Industrial and Applied Mathematics. Journal on Scientific and Statistical Computing},
  ISSN                     = {0196-5204},
  Mrclass                  = {65F05},
  Mrnumber                 = {725653 (85e:65012)},
  Mrreviewer               = {Wolfgang Bunse},
  Owner                    = {andre},
  Timestamp                = {2014.03.21},
  Url                      = {http://dx.doi.org/10.1137/0904039}
}

@Book{Kel03,
  Title                    = {Solving nonlinear equations with {N}ewton's method},
  Author                   = {Kelley, C. T.},
  Publisher                = {SIAM},
  Year                     = {2003},

  Address                  = {Philadelphia, PA},
  Series                   = {Fundamentals of Algorithms},
  Volume                   = {1},

  Doi                      = {10.1137/1.9780898718898},
  File                     = {Kel03.pdf:Kel03.pdf:PDF},
  ISBN                     = {0-89871-546-6},
  Mrclass                  = {65-02 (65H10)},
  Mrnumber                 = {1998383 (2004i:65003)},
  Mrreviewer               = {James F. Epperson},
  Owner                    = {andre},
  Pages                    = {xiv+104},
  Timestamp                = {2014.03.21},
  Url                      = {http://dx.doi.org/10.1137/1.9780898718898}
}

@Article{KhaY95,
  Title                    = {Eigenvalue translation based preconditioners for the \textrm{GMRES}$(k)$ method},
  Author                   = {Kharchenko, S. A. and Yeremin, A. Yu.},
  Journal                  = {Numer. Linear Algebra Appl.},
  Year                     = {1995},
  Number                   = {1},
  Pages                    = {51--77},
  Volume                   = {2},

  Coden                    = {NLAAEM},
  Doi                      = {10.1002/nla.1680020105},
  File                     = {KhaY95.pdf:KhaY95.pdf:PDF},
  Fjournal                 = {Numerical Linear Algebra with Applications},
  ISSN                     = {1070-5325},
  Mrclass                  = {65F35 (65F50)},
  Mrnumber                 = {1312130 (95i:65069)},
  Owner                    = {gaul},
  Timestamp                = {2011.04.27},
  Url                      = {http://dx.doi.org/10.1002/nla.1680020105}
}

@Article{KilS06,
  Title                    = {Recycling subspace information for diffuse optical tomography},
  Author                   = {Kilmer, Misha E. and de Sturler, Eric},
  Journal                  = {SIAM J. Sci. Comput.},
  Year                     = {2006},
  Number                   = {6},
  Pages                    = {2140--2166},
  Volume                   = {27},

  Doi                      = {10.1137/040610271},
  File                     = {KilS06.pdf:KilS06.pdf:PDF},
  Fjournal                 = {SIAM Journal on Scientific Computing},
  ISSN                     = {1064-8275},
  Mrclass                  = {65F10 (65N22)},
  Mrnumber                 = {2211444 (2006m:65065)},
  Mrreviewer               = {Jan Z{\'{\i}}tko},
  Url                      = {http://dx.doi.org/10.1137/040610271}
}

@Article{Kir10,
  Title                    = {From functional analysis to iterative methods},
  Author                   = {Kirby, Robert C.},
  Journal                  = {SIAM Rev.},
  Year                     = {2010},
  Number                   = {2},
  Pages                    = {269--293},
  Volume                   = {52},

  Doi                      = {10.1137/070706914},
  File                     = {Kir10.pdf:Kir10.pdf:PDF},
  Fjournal                 = {SIAM Review},
  ISSN                     = {0036-1445},
  Mrclass                  = {65N30 (46E15 47B39 47N40 65J10 65N22)},
  Mrnumber                 = {2646804 (2011j:65279)},
  Mrreviewer               = {Marius Ghergu},
  Owner                    = {gaul},
  Timestamp                = {2012.10.04},
  Url                      = {http://dx.doi.org/10.1137/070706914}
}

@Article{KlaS99,
  Title                    = {Block triangular preconditioners for nonsymmetric saddle point problems: field-of-values analysis},
  Author                   = {Klawonn, Axel and Starke, Gerhard},
  Journal                  = {Numer. Math.},
  Year                     = {1999},
  Number                   = {4},
  Pages                    = {577--594},
  Volume                   = {81},

  Coden                    = {NUMMA7},
  Doi                      = {10.1007/s002110050405},
  File                     = {KlaS99.pdf:KlaS99.pdf:PDF},
  Fjournal                 = {Numerische Mathematik},
  ISSN                     = {0029-599X},
  Mrclass                  = {65F10 (65N30)},
  Mrnumber                 = {1675216 (2000a:65039)},
  Mrreviewer               = {Jin Xi Zhao},
  Owner                    = {andre},
  Timestamp                = {2013.11.21},
  Url                      = {http://dx.doi.org/10.1007/s002110050405}
}

@Article{KnoK04,
  Title                    = {Jacobian-free {N}ewton-{K}rylov methods: a survey of approaches and applications},
  Author                   = {Knoll, D. A. and Keyes, D. E.},
  Journal                  = {J. Comput. Phys.},
  Year                     = {2004},
  Number                   = {2},
  Pages                    = {357--397},
  Volume                   = {193},

  Coden                    = {JCTPAH},
  Doi                      = {10.1016/j.jcp.2003.08.010},
  File                     = {KnoK04.pdf:KnoK04.pdf:PDF},
  Fjournal                 = {Journal of Computational Physics},
  ISSN                     = {0021-9991},
  Mrclass                  = {65H10 (65Z05 76M25)},
  Mrnumber                 = {2030471 (2004j:65066)},
  Mrreviewer               = {B. Kellogg},
  Owner                    = {andre},
  Timestamp                = {2013.12.05},
  Url                      = {http://dx.doi.org/10.1016/j.jcp.2003.08.010}
}

@Article{KnyJA10,
  Title                    = {Angles between infinite dimensional subspaces with applications to the {R}ayleigh-{R}itz and alternating projectors methods},
  Author                   = {Knyazev, Andrew and Jujunashvili, Abram and Argentati, Merico},
  Journal                  = {J. Funct. Anal.},
  Year                     = {2010},
  Number                   = {6},
  Pages                    = {1323--1345},
  Volume                   = {259},

  Coden                    = {JFUAAW},
  Doi                      = {10.1016/j.jfa.2010.05.018},
  File                     = {KnyJA10.pdf:KnyJA10.pdf:PDF},
  Fjournal                 = {Journal of Functional Analysis},
  ISSN                     = {0022-1236},
  Mrclass                  = {47A70 (46C05 47N20 65F15)},
  Mrnumber                 = {2659762 (2011j:47068)},
  Mrreviewer               = {Zhongxiao Jia},
  Url                      = {http://dx.doi.org/10.1016/j.jfa.2010.05.018}
}

@Article{KnyA02,
  Title                    = {Principal angles between subspaces in an {$A$}-based scalar product: algorithms and perturbation estimates},
  Author                   = {Knyazev, Andrew V. and Argentati, Merico E.},
  Journal                  = {SIAM J. Sci. Comput.},
  Year                     = {2002},
  Number                   = {6},
  Pages                    = {2008--2040},
  Volume                   = {23},

  Doi                      = {10.1137/S1064827500377332},
  File                     = {KnyA02.pdf:KnyA02.pdf:PDF},
  Fjournal                 = {SIAM Journal on Scientific Computing},
  ISSN                     = {1064-8275},
  Mrclass                  = {65F30},
  Mrnumber                 = {1923723 (2003h:65060)},
  Owner                    = {andre},
  Timestamp                = {2013.07.12},
  Url                      = {http://dx.doi.org/10.1137/S1064827500377332}
}

@Article{Kol98,
  Title                    = {Twofold deflation preconditioning of linear algebraic systems. {I}. {T}heory},
  Author                   = {Kolotilina, L. Y.},
  Journal                  = {J. Math. Sci.},
  Year                     = {1998},
  Note                     = {Translation of Russian original from 1995},
  Pages                    = {1652-1689},
  Volume                   = {89},

  Address                  = {New York},
  Annote                   = {{{\textless}p{\textgreater}States} that deflated {CG} was independently proposed by Nicolaides 87 and Dostal 88.{\textless}/p{\textgreater}},
  Doi                      = {10.1007/BF02355371},
  File                     = {Kol98.pdf:Kol98.pdf:PDF},
  Fjournal                 = {Journal of Mathematical Sciences},
  ISSN                     = {1072-3374},
  Issue                    = {6},
  Keyword                  = {Mathematics and Statistics},
  Publisher                = {Springer},
  Url                      = {http://dx.doi.org/10.1007/BF02355371}
}

@Article{Kuz97,
  Title                    = {Perturbation bounds of the {K}rylov bases and associated {H}essenberg forms},
  Author                   = {Kuznetsov, S. V.},
  Journal                  = {Linear Algebra Appl.},
  Year                     = {1997},
  Pages                    = {1--28},
  Volume                   = {265},

  Coden                    = {LAAPAW},
  File                     = {Kuz97.pdf:Kuz97.pdf:PDF},
  Fjournal                 = {Linear Algebra and its Applications},
  ISSN                     = {0024-3795},
  Mrclass                  = {65F15 (15A12)},
  Mrnumber                 = {1466888 (98m:65057)},
  Mrreviewer               = {J. Segethov{\'a}},
  Owner                    = {andre},
  Timestamp                = {2013.12.17},
  Url                      = {http://www.sciencedirect.com/science?_ob=GatewayURL&_origin=MR&_method=citationSearch&_piikey=s0024379596002996&_version=1&md5=ccc729625843bcdf220bba073007c57d}
}

@Article{Lan52,
  Title                    = {Solution of systems of linear equations by minimized iterations},
  Author                   = {Lanczos, Cornelius},
  Journal                  = {J. Research Nat. Bur. Standards},
  Year                     = {1952},
  Pages                    = {33--53},
  Volume                   = {49},

  File                     = {Lan52.pdf:Lan52.pdf:PDF},
  Fjournal                 = {Journal of Research of the National Bureau of Standards},
  ISSN                     = {0160-1741},
  Mrclass                  = {65.0X},
  Mrnumber                 = {0051583 (14,501g)},
  Mrreviewer               = {P. Funk},
  Owner                    = {andre},
  Timestamp                = {2013.01.15}
}

@Article{Lan50,
  Title                    = {An iteration method for the solution of the eigenvalue problem of linear differential and integral operators},
  Author                   = {Lanczos, Cornelius},
  Journal                  = {J. Research Nat. Bur. Standards},
  Year                     = {1950},
  Pages                    = {255--282},
  Volume                   = {45},

  File                     = {Lan50.pdf:Lan50.pdf:PDF},
  Fjournal                 = {Journal of Research of the National Bureau of Standards},
  ISSN                     = {0160-1741},
  Mrclass                  = {65.0X},
  Mrnumber                 = {0042791 (13,163d)},
  Mrreviewer               = {P. Funk},
  Owner                    = {gaul},
  Timestamp                = {2011.09.01}
}

@Article{LieS05,
  Title                    = {G{MRES} convergence analysis for a convection-diffusion model problem},
  Author                   = {Liesen, J. and Strako{\v{s}}, Z.},
  Journal                  = {SIAM J. Sci. Comput.},
  Year                     = {2005},
  Number                   = {6},
  Pages                    = {1989--2009},
  Volume                   = {26},

  Doi                      = {10.1137/S1064827503430746},
  File                     = {LieS05.pdf:LieS05.pdf:PDF},
  Fjournal                 = {SIAM Journal on Scientific Computing},
  ISSN                     = {1064-8275},
  Mrclass                  = {65F10 (76M10 76R99)},
  Mrnumber                 = {2196585 (2006j:65090)},
  Mrreviewer               = {Rafael J. Villanueva},
  Owner                    = {andre},
  Timestamp                = {2014.04.07},
  Url                      = {http://dx.doi.org/10.1137/S1064827503430746}
}

@Report{LieT13,
  Title                    = {The field of values bound on ideal {GMRES}},
  Author                   = {J\"{o}rg Liesen and Petr Tich{\'y}},
  Year                     = {2013},

  Type                     = {Tech. rep.},

  File                     = {LieT13.pdf:LieT13.pdf:PDF},
  Note                     = {arXiv:1211.5969v2},
  Owner                    = {andre},
  Timestamp                = {2014.03.03}
}

@Book{LieS13,
  Title                    = {Krylov subspace methods. Principles and analysis},
  Author                   = {Liesen, J{\"o}rg and Strako{\v{s}}, Zden{\v{e}}k},
  Publisher                = {Oxford University Press},
  Year                     = {2013},

  Address                  = {Oxford},
  Series                   = {Numerical Mathematics and Scientific Computation},

  ISBN                     = {978-0-19-965541-0},
  Mrclass                  = {65F10 (65F15)},
  Mrnumber                 = {3024841},
  Owner                    = {andre},
  Pages                    = {xvi+391},
  Timestamp                = {2013.07.29}
}

@Article{Lja58,
  Title                    = {Certain properties of idempotent operators},
  Author                   = {Ljance, V. {\`E}.},
  Journal                  = {Teoret. Prikl. Mat. Vyp.},
  Year                     = {1958},
  Note                     = {In Russian},
  Pages                    = {16--22},
  Volume                   = {1},

  File                     = {Lja58.pdf:Lja58.pdf:PDF},
  Mrclass                  = {47.10},
  Mrnumber                 = {0196493 (33 \#4680)},
  Owner                    = {gaul},
  Timestamp                = {2012.07.09}
}

@Article{LogW10,
  Title                    = {D{OLFIN}: automated finite element computing},
  Author                   = {Logg, Anders and Wells, Garth N.},
  Journal                  = {ACM Trans. Math. Software},
  Year                     = {2010},
  Number                   = {2},
  Pages                    = {Art. 20, 28},
  Volume                   = {37},

  Coden                    = {ACMSCU},
  Doi                      = {10.1145/1731022.1731030},
  Fjournal                 = {Association for Computing Machinery. Transactions on Mathematical Software},
  ISSN                     = {0098-3500},
  Mrclass                  = {65N30 (65Y15)},
  Mrnumber                 = {2738227 (2011i:65219)},
  Owner                    = {andre},
  Timestamp                = {2014.02.03},
  Url                      = {http://dx.doi.org/10.1145/1731022.1731030}
}

@InBook{LogWH12,
  Title                    = {DOLFIN: a C++/Python Finite Element Library},
  Author                   = {Anders Logg and Garth N. Wells and Johan Hake},
  Chapter                  = {10},
  Editor                   = {Anders Logg and Kent-Andre Mardal and Garth N. Wells},
  Publisher                = {Springer-Verlag},
  Year                     = {2012},

  Address                  = {Berlin},

  Booktitle                = {Automated Solution of Differential Equations by the Finite Element Method, Volume 84 of Lecture Notes in Computational Science and Engineering},
  Owner                    = {andre},
  Timestamp                = {2014.02.03}
}

@Book{MalS14,
  Title                    = {Preconditioning and the conjugate gradient method in the context of solving PDEs},
  Author                   = {M\'alek, Josef and Strako{\v{s}}, Zden{\v{e}}k},
  Year                     = {2014},
  Note                     = {Submitted for publication},

  File                     = {MalS14.pdf:MalS14.pdf:PDF},
  Owner                    = {andre},
  Timestamp                = {2014.04.22}
}

@Article{Man91,
  Title                    = {Damped {J}acobi preconditioning and coarse grid deflation for conjugate gradient iteration on parallel computers},
  Author                   = {Mansfield, Lois},
  Journal                  = {SIAM J. Sci. Statist. Comput.},
  Year                     = {1991},
  Number                   = {6},
  Pages                    = {1314--1323},
  Volume                   = {12},

  Coden                    = {SIJCD4},
  Doi                      = {10.1137/0912071},
  File                     = {Man91.pdf:Man91.pdf:PDF},
  Fjournal                 = {Society for Industrial and Applied Mathematics. Journal on Scientific and Statistical Computing},
  ISSN                     = {0196-5204},
  Mrclass                  = {65F10 (65N22)},
  Mrnumber                 = {1129648 (92f:65043)},
  Url                      = {http://dx.doi.org/10.1137/0912071}
}

@Article{Man90,
  Title                    = {On the conjugate gradient solution of the {S}chur complement system obtained from domain decomposition},
  Author                   = {Mansfield, Lois},
  Journal                  = {SIAM J. Numer. Anal.},
  Year                     = {1990},
  Number                   = {6},
  Pages                    = {1612--1620},
  Volume                   = {27},

  Coden                    = {SJNAAM},
  Doi                      = {10.1137/0727094},
  File                     = {Man90.pdf:Man90.pdf:PDF},
  Fjournal                 = {SIAM Journal on Numerical Analysis},
  ISSN                     = {0036-1429},
  Mrclass                  = {65F35 (65N55)},
  Mrnumber                 = {1080341 (91i:65083)},
  Url                      = {http://dx.doi.org/10.1137/0727094}
}

@Article{Mat98,
  Title                    = {Quadratic residual bounds for the {H}ermitian eigenvalue problem},
  Author                   = {Mathias, Roy},
  Journal                  = {SIAM J. Matrix Anal. Appl.},
  Year                     = {1998},
  Number                   = {2},
  Pages                    = {541--550},
  Volume                   = {19},

  Doi                      = {10.1137/S0895479896310536},
  File                     = {Mat98.pdf:Mat98.pdf:PDF},
  Fjournal                 = {SIAM Journal on Matrix Analysis and Applications},
  ISSN                     = {0895-4798},
  Mrclass                  = {15A18 (15A42 65F15)},
  Mrnumber                 = {1614086 (98m:15018)},
  Mrreviewer               = {Ilse C. F. Ipsen},
  Owner                    = {gaul},
  Timestamp                = {2012.11.15},
  Url                      = {http://dx.doi.org/10.1137/S0895479896310536}
}

@Article{MehS11,
  Title                    = {Nonlinear eigenvalue and frequency response problems in industrial practice},
  Author                   = {Mehrmann, Volker and Schr{\"o}der, Christian},
  Journal                  = {J. Math. Ind.},
  Year                     = {2011},
  Pages                    = {Art. 7, 18},
  Volume                   = {1},

  File                     = {MehS11.pdf:MehS11.pdf:PDF},
  Fjournal                 = {Journal of Mathematics in Industry},
  ISSN                     = {2910-5983},
  Mrclass                  = {65N25 (15A18 70J50 76Q05)},
  Mrnumber                 = {2853230},
  Owner                    = {andre},
  Timestamp                = {2013.08.14}
}

@Book{Meu06,
  Title                    = {The {L}anczos and conjugate gradient algorithms},
  Author                   = {Meurant, G{\'e}rard},
  Publisher                = {SIAM},
  Year                     = {2006},

  Address                  = {Philadelphia, PA},
  Note                     = {From theory to finite precision computations},
  Series                   = {Software, Environments, and Tools},
  Volume                   = {19},

  File                     = {Meu06.pdf:Meu06.pdf:PDF},
  ISBN                     = {978-0-898716-16-0; 0-89871-616-0},
  Mrclass                  = {65-02 (65F15)},
  Mrnumber                 = {2261212 (2007h:65002)},
  Mrreviewer               = {David Scott Watkins},
  Owner                    = {gaul},
  Pages                    = {xvi+365},
  Timestamp                = {2011.10.10}
}

@Article{Meu01,
  Title                    = {On the incomplete {C}holesky decomposition of a class of perturbed matrices},
  Author                   = {Meurant, G{\'e}rard},
  Journal                  = {SIAM J. Sci. Comput.},
  Year                     = {2001},
  Note                     = {Copper Mountain Conference (2000)},
  Number                   = {2},
  Pages                    = {419--429},
  Volume                   = {23},

  Coden                    = {SJOCE3},
  Doi                      = {10.1137/S1064827500371244},
  File                     = {Meu01.pdf:Meu01.pdf:PDF},
  Fjournal                 = {SIAM Journal on Scientific Computing},
  ISSN                     = {1064-8275},
  Mrclass                  = {65F10 (65F50)},
  Mrnumber                 = {1861257 (2002h:65050)},
  Owner                    = {andre},
  Timestamp                = {2013.12.05},
  Url                      = {http://dx.doi.org/10.1137/S1064827500371244}
}

@Thesis{Mie11,
  Title                    = {{I}nexact {A}daptive {F}inite {E}lement {M}ethods for {E}lliptic {PDE} {E}igenvalue {P}roblems},
  Author                   = {A. Mi\k{e}dlar},
  Institution              = {Technische Universit\"at Berlin},
  Type                     = {{PhD} thesis},
  Year                     = {2011},
  File                     = {Mie11.pdf:Mie11.pdf:PDF},
  Owner                    = {gaul},
  Timestamp                = {2012.09.13},
  Url                      = {http://opus.kobv.de/tuberlin/volltexte/2011/3059/}
}

@Article{Mor02,
  Title                    = {G{MRES} with deflated restarting},
  Author                   = {Morgan, Ronald B.},
  Journal                  = {SIAM J. Sci. Comput.},
  Year                     = {2002},
  Number                   = {1},
  Pages                    = {20--37},
  Volume                   = {24},

  Doi                      = {10.1137/S1064827599364659},
  File                     = {Mor02.pdf:Mor02.pdf:PDF},
  Fjournal                 = {SIAM Journal on Scientific Computing},
  ISSN                     = {1064-8275},
  Mrclass                  = {65F10 (15A06)},
  Mrnumber                 = {1924413 (2003h:65040)},
  Url                      = {http://dx.doi.org/10.1137/S1064827599364659}
}

@Article{Mor00,
  Title                    = {Implicitly restarted {GMRES} and {A}rnoldi methods for nonsymmetric systems of equations},
  Author                   = {Morgan, Ronald B.},
  Journal                  = {SIAM J. Matrix Anal. Appl.},
  Year                     = {2000},
  Number                   = {4},
  Pages                    = {1112--1135},
  Volume                   = {21},

  Doi                      = {10.1137/S0895479897321362},
  File                     = {Mor00.pdf:Mor00.pdf:PDF},
  Fjournal                 = {SIAM Journal on Matrix Analysis and Applications},
  ISSN                     = {0895-4798},
  Mrclass                  = {65F10},
  Mrnumber                 = {1745522 (2001a:65039)},
  Mrreviewer               = {Jin Yun Yuan},
  Url                      = {http://dx.doi.org/10.1137/S0895479897321362}
}

@Article{Mor96,
  Title                    = {On restarting the {A}rnoldi method for large nonsymmetric eigenvalue problems},
  Author                   = {Morgan, Ronald B.},
  Journal                  = {Math. Comp.},
  Year                     = {1996},
  Number                   = {215},
  Pages                    = {1213--1230},
  Volume                   = {65},

  Coden                    = {MCMPAF},
  Doi                      = {10.1090/S0025-5718-96-00745-4},
  File                     = {Mor96.pdf:Mor96.pdf:PDF},
  Fjournal                 = {Mathematics of Computation},
  ISSN                     = {0025-5718},
  Mrclass                  = {65F15 (15A18)},
  Mrnumber                 = {1348046 (96j:65028)},
  Mrreviewer               = {Dao Sheng Zheng},
  Url                      = {http://dx.doi.org/10.1090/S0025-5718-96-00745-4}
}

@Article{Mor95,
  Title                    = {A restarted {GMRES} method augmented with eigenvectors},
  Author                   = {Morgan, Ronald B.},
  Journal                  = {SIAM J. Matrix Anal. Appl.},
  Year                     = {1995},
  Number                   = {4},
  Pages                    = {1154--1171},
  Volume                   = {16},

  Coden                    = {SJMAEL},
  Doi                      = {10.1137/S0895479893253975},
  File                     = {Mor95.pdf:Mor95.pdf:PDF},
  Fjournal                 = {SIAM Journal on Matrix Analysis and Applications},
  ISSN                     = {0895-4798},
  Mrclass                  = {65F10 (15A18)},
  Mrnumber                 = {1351462 (96f:65037)},
  Mrreviewer               = {F. Szidarovszky},
  Url                      = {http://dx.doi.org/10.1137/S0895479893253975}
}

@Article{Mor91,
  Title                    = {Computing interior eigenvalues of large matrices},
  Author                   = {Morgan, Ronald B.},
  Journal                  = {Linear Algebra Appl.},
  Year                     = {1991},
  Pages                    = {289--309},
  Volume                   = {154/156},

  Coden                    = {LAAPAW},
  Doi                      = {10.1016/0024-3795(91)90381-6},
  File                     = {Mor91.pdf:Mor91.pdf:PDF},
  Fjournal                 = {Linear Algebra and its Applications},
  ISSN                     = {0024-3795},
  Mrclass                  = {65F15},
  Mrnumber                 = {1113147 (92e:65050)},
  Mrreviewer               = {William W. Hager},
  Url                      = {http://dx.doi.org/10.1016/0024-3795(91)90381-6}
}

@Article{NabV08,
  Title                    = {A comparison of abstract versions of deflation, balancing and additive coarse grid correction preconditioners},
  Author                   = {Nabben, R. and Vuik, C.},
  Journal                  = {Numer. Linear Algebra Appl.},
  Year                     = {2008},
  Number                   = {4},
  Pages                    = {355--372},
  Volume                   = {15},

  Coden                    = {NLAAEM},
  Doi                      = {10.1002/nla.571},
  File                     = {NabV08.pdf:NabV08.pdf:PDF},
  Fjournal                 = {Numerical Linear Algebra with Applications},
  ISSN                     = {1070-5325},
  Mrclass                  = {65F10},
  Mrnumber                 = {2413778 (2009e:65062)},
  Mrreviewer               = {Arnold Reusken},
  Url                      = {http://dx.doi.org/10.1002/nla.571}
}

@Article{NabV06,
  Title                    = {A comparison of deflation and the balancing preconditioner},
  Author                   = {Nabben, R. and Vuik, C.},
  Journal                  = {SIAM J. Sci. Comput.},
  Year                     = {2006},
  Number                   = {5},
  Pages                    = {1742--1759},
  Volume                   = {27},

  Doi                      = {10.1137/040608246},
  File                     = {NabV06.pdf:NabV06.pdf:PDF},
  Fjournal                 = {SIAM Journal on Scientific Computing},
  ISSN                     = {1064-8275},
  Mrclass                  = {65F10 (65F35 65M55)},
  Mrnumber                 = {2206512 (2006m:65070)},
  Mrreviewer               = {Gerard Awanou},
  Url                      = {http://dx.doi.org/10.1137/040608246}
}

@Article{NabV04,
  Title                    = {A comparison of deflation and coarse grid correction applied to porous media flow},
  Author                   = {Nabben, R. and Vuik, C.},
  Journal                  = {SIAM J. Numer. Anal.},
  Year                     = {2004},
  Number                   = {4},
  Pages                    = {1631--1647},
  Volume                   = {42},

  Doi                      = {10.1137/S0036142903430451},
  File                     = {NabV04.pdf:NabV04.pdf:PDF},
  Fjournal                 = {SIAM Journal on Numerical Analysis},
  ISSN                     = {0036-1429},
  Mrclass                  = {65F10 (65F50 65N22 76S05)},
  Mrnumber                 = {2114294 (2005k:65071)},
  Mrreviewer               = {Jian-Ping Zhu},
  Url                      = {http://dx.doi.org/10.1137/S0036142903430451}
}

@Article{NacRT92,
  Title                    = {How fast are nonsymmetric matrix iterations?},
  Author                   = {Nachtigal, No{\"e}l M. and Reddy, Satish C. and Trefethen, Lloyd N.},
  Journal                  = {SIAM J. Matrix Anal. Appl.},
  Year                     = {1992},
  Note                     = {Iterative methods in numerical linear algebra (Copper Mountain, CO, 1990)},
  Number                   = {3},
  Pages                    = {778--795},
  Volume                   = {13},

  Coden                    = {SJMAEL},
  Doi                      = {10.1137/0613049},
  File                     = {NacRT92.pdf:NacRT92.pdf:PDF},
  Fjournal                 = {SIAM Journal on Matrix Analysis and Applications},
  ISSN                     = {0895-4798},
  Mrclass                  = {65F10 (65Y10)},
  Mrnumber                 = {1168079 (93a:65039)},
  Owner                    = {andre},
  Timestamp                = {2013.11.27},
  Url                      = {http://dx.doi.org/10.1137/0613049}
}

@Book{Nev93,
  Title                    = {Convergence of iterations for linear equations},
  Author                   = {Nevanlinna, Olavi},
  Publisher                = {Birkh\"auser Verlag},
  Year                     = {1993},

  Address                  = {Basel},
  Series                   = {Lectures in Mathematics ETH Z\"urich},

  Doi                      = {10.1007/978-3-0348-8547-8},
  ISBN                     = {3-7643-2865-7},
  Mrclass                  = {65J10 (47A50 65F10)},
  Mrnumber                 = {1217705 (94h:65055)},
  Mrreviewer               = {L. J. Lardy},
  Owner                    = {andre},
  Pages                    = {viii+177},
  Timestamp                = {2014.01.29},
  Url                      = {http://dx.doi.org/10.1007/978-3-0348-8547-8}
}

@Article{Nic87,
  Title                    = {Deflation of conjugate gradients with applications to boundary value problems},
  Author                   = {Nicolaides, R. A.},
  Journal                  = {SIAM J. Numer. Anal.},
  Year                     = {1987},
  Number                   = {2},
  Pages                    = {355--365},
  Volume                   = {24},

  Coden                    = {SJNAAM},
  Doi                      = {10.1137/0724027},
  File                     = {Nic87.pdf:Nic87.pdf:PDF},
  Fjournal                 = {SIAM Journal on Numerical Analysis},
  ISSN                     = {0036-1429},
  Mrclass                  = {65B99 (65M10)},
  Mrnumber                 = {881370 (88h:65016)},
  Mrreviewer               = {J. W. Neuberger},
  Url                      = {http://dx.doi.org/10.1137/0724027}
}

@Article{NorBF93,
  Title                    = {Numerical study of hydrodynamics using the nonlinear {S}chr\"odinger equation},
  Author                   = {Nore, C. and Brachet, M. E. and Fauve, S.},
  Journal                  = {Phys. D},
  Year                     = {1993},
  Number                   = {1-2},
  Pages                    = {154--162},
  Volume                   = {65},

  Coden                    = {PDNPDT},
  Doi                      = {10.1016/0167-2789(93)90011-O},
  Fjournal                 = {Physica D. Nonlinear Phenomena},
  ISSN                     = {0167-2789},
  Mrclass                  = {76M25 (76C99)},
  Mrnumber                 = {1221252 (94a:76054)},
  Owner                    = {andre},
  Timestamp                = {2014.03.16},
  Url                      = {http://dx.doi.org/10.1016/0167-2789(93)90011-O}
}

@Article{OlsS10,
  Title                    = {Acquired clustering properties and solution of certain saddle point systems},
  Author                   = {Olshanskii, M. A. and Simoncini, V.},
  Journal                  = {SIAM J. Matrix Anal. Appl.},
  Year                     = {2010},
  Number                   = {5},
  Pages                    = {2754--2768},
  Volume                   = {31},

  Coden                    = {SJMAEL},
  Doi                      = {10.1137/100792652},
  File                     = {OlsS10.pdf:OlsS10.pdf:PDF},
  Fjournal                 = {SIAM Journal on Matrix Analysis and Applications},
  ISSN                     = {0895-4798},
  Mrclass                  = {65F10 (65F08 65F15 76D07)},
  Mrnumber                 = {2740631 (2011j:65073)},
  Mrreviewer               = {Ioana Chiorean},
  Owner                    = {gaul},
  Timestamp                = {2012.01.04},
  Url                      = {http://dx.doi.org/10.1137/100792652}
}

@Article{PerG07,
  Title                    = {{IP}ython: a System for Interactive Scientific Computing},
  Author                   = {P\'erez, Fernando and Granger, Brian E.},
  Journal                  = {Computing in Science and Engineering},
  Year                     = {2007},

  Month                    = may,
  Number                   = {3},
  Pages                    = {21--29},
  Volume                   = {9},

  Doi                      = {10.1109/MCSE.2007.53},
  ISSN                     = {1521-9615},
  Owner                    = {andre},
  Publisher                = {IEEE Computer Society},
  Timestamp                = {2014.02.03},
  Url                      = {http://ipython.org}
}

@Thesis{Pai71,
  Title                    = {The computation of eigenvalues and eigenvectors of very large sparse matrices},
  Author                   = {Christopher C. Paige},
  Institution              = {University of London},
  Type                     = {{PhD} thesis},
  Year                     = {1971},
  File                     = {Pai71.pdf:Pai71.pdf:PDF},
  Owner                    = {andre},
  Quality                  = {1},
  Timestamp                = {2013.08.27}
}

@Article{PaiPV95,
  Title                    = {Approximate solutions and eigenvalue bounds from {K}rylov subspaces},
  Author                   = {Paige, Chris C. and Parlett, Beresford N. and van der Vorst, Henk A.},
  Journal                  = {Numer. Linear Algebra Appl.},
  Year                     = {1995},
  Number                   = {2},
  Pages                    = {115--133},
  Volume                   = {2},

  Coden                    = {NLAAEM},
  Doi                      = {10.1002/nla.1680020205},
  File                     = {PaiPV95.pdf:PaiPV95.pdf:PDF},
  Fjournal                 = {Numerical Linear Algebra with Applications},
  ISSN                     = {1070-5325},
  Mrclass                  = {65F15},
  Mrnumber                 = {1323816 (96a:65054)},
  Mrreviewer               = {Colette Lebaud},
  Owner                    = {gaul},
  Timestamp                = {2012.03.11},
  Url                      = {http://dx.doi.org/10.1002/nla.1680020205}
}

@Article{PaiRS06,
  Title                    = {Modified {G}ram-{S}chmidt ({MGS}), least squares, and backward stability of {MGS}-{GMRES}},
  Author                   = {Paige, Christopher C. and Rozlo{\v{z}}n{\'{\i}}k, Miroslav and Strako{\v{s}}, Zden{\v{e}}k},
  Journal                  = {SIAM J. Matrix Anal. Appl.},
  Year                     = {2006},
  Number                   = {1},
  Pages                    = {264--284},
  Volume                   = {28},

  Doi                      = {10.1137/050630416},
  File                     = {PaiRS06.pdf:PaiRS06.pdf:PDF},
  Fjournal                 = {SIAM Journal on Matrix Analysis and Applications},
  ISSN                     = {0895-4798},
  Mrclass                  = {65F10},
  Mrnumber                 = {2218953 (2007h:65026)},
  Owner                    = {andre},
  Timestamp                = {2013.10.18},
  Url                      = {http://dx.doi.org/10.1137/050630416}
}

@Article{PaiS75,
  Title                    = {Solutions of sparse indefinite systems of linear equations},
  Author                   = {Paige, C. C. and Saunders, M. A.},
  Journal                  = {SIAM J. Numer. Anal.},
  Year                     = {1975},
  Number                   = {4},
  Pages                    = {617--629},
  Volume                   = {12},

  File                     = {PaiS75.pdf:PaiS75.pdf:PDF},
  Fjournal                 = {SIAM Journal on Numerical Analysis},
  ISSN                     = {0036-1429},
  Mrclass                  = {65F10},
  Mrnumber                 = {0383715 (52 \#4595)},
  Mrreviewer               = {R. P. Tewarson}
}

@Article{ParSMJM06,
  Title                    = {Recycling {K}rylov subspaces for sequences of linear systems},
  Author                   = {Parks, Michael L. and de Sturler, Eric and Mackey, Greg and Johnson, Duane D. and Maiti, Spandan},
  Journal                  = {SIAM J. Sci. Comput.},
  Year                     = {2006},
  Number                   = {5},
  Pages                    = {1651--1674},
  Volume                   = {28},

  Doi                      = {10.1137/040607277},
  File                     = {ParSMJM06.pdf:ParSMJM06.pdf:PDF},
  Fjournal                 = {SIAM Journal on Scientific Computing},
  ISSN                     = {1064-8275},
  Mrclass                  = {65F10},
  Mrnumber                 = {2272183 (2007m:65026)},
  Mrreviewer               = {Petr Tich{\'y}},
  Url                      = {http://dx.doi.org/10.1137/040607277}
}

@Book{Par98,
  Title                    = {The symmetric eigenvalue problem},
  Author                   = {Parlett, Beresford N.},
  Publisher                = {SIAM},
  Year                     = {1998},

  Address                  = {Philadelphia, PA},
  Note                     = {Corrected reprint of the 1980 original},
  Series                   = {Classics in Applied Mathematics},
  Volume                   = {20},

  File                     = {Par98.pdf:Par98.pdf:PDF},
  ISBN                     = {0-89871-402-8},
  Mrclass                  = {65F15 (15A18)},
  Mrnumber                 = {1490034 (99c:65072)},
  Mrreviewer               = {F. Szidarovszky},
  Owner                    = {gaul},
  Pages                    = {xxiv+398},
  Timestamp                = {2011.10.10}
}

@InProceedings{Par94,
  Title                    = {Do we fully understand the symmetric {L}anczos algorithm yet?},
  Author                   = {Parlett, Beresford N.},
  Booktitle                = {Proceedings of the {C}ornelius {L}anczos {I}nternational {C}entenary {C}onference ({R}aleigh, {NC}, 1993)},
  Year                     = {1994},

  Address                  = {Philadelphia, PA},
  Pages                    = {93--107},
  Publisher                = {SIAM},

  File                     = {Par94.pdf:Par94.pdf:PDF},
  Mrclass                  = {65Y20 (65F15)},
  Mrnumber                 = {1298225 (95f:65238)},
  Owner                    = {gaul},
  Timestamp                = {2011.09.23}
}

@Article{ParS79,
  Title                    = {The {L}anczos algorithm with selective orthogonalization},
  Author                   = {Parlett, B. N. and Scott, D. S.},
  Journal                  = {Math. Comp.},
  Year                     = {1979},
  Number                   = {145},
  Pages                    = {217--238},
  Volume                   = {33},

  Coden                    = {MCMPAF},
  Doi                      = {10.2307/2006037},
  File                     = {ParS79.pdf:ParS79.pdf:PDF},
  Fjournal                 = {Mathematics of Computation},
  ISSN                     = {0025-5718},
  Mrclass                  = {65F15},
  Mrnumber                 = {514820 (80c:65090)},
  Mrreviewer               = {Colette Lebaud},
  Owner                    = {gaul},
  Timestamp                = {2011.09.21},
  Url                      = {http://dx.doi.org/10.2307/2006037}
}

@Article{Red78,
  Title                    = {On {N}ewton's method for singular problems},
  Author                   = {Reddien, G. W.},
  Journal                  = {SIAM J. Numer. Anal.},
  Year                     = {1978},
  Number                   = {5},
  Pages                    = {993--996},
  Volume                   = {15},

  Coden                    = {SJNAAM},
  Doi                      = {10.1137/0715064},
  Fjournal                 = {SIAM Journal on Numerical Analysis},
  ISSN                     = {0036-1429},
  Mrclass                  = {65H10},
  Mrnumber                 = {507559 (80b:65064)},
  Owner                    = {andre},
  Timestamp                = {2014.03.21},
  Url                      = {http://dx.doi.org/10.1137/0715064}
}

@InCollection{RugS83,
  Title                    = {Efficient solution of finite difference and finite element equations},
  Author                   = {Ruge, J. and St{\"u}ben, K.},
  Booktitle                = {Multigrid methods for integral and differential equations ({B}ristol, 1983)},
  Publisher                = {Oxford Univ. Press},
  Year                     = {1985},

  Address                  = {New York},
  Pages                    = {169--212},
  Series                   = {Inst. Math. Appl. Conf. Ser. New Ser.},
  Volume                   = {3},

  Mrclass                  = {65F10 (15A06 65N20)},
  Mrnumber                 = {849374 (87i:65047)},
  Mrreviewer               = {L. W. Ehrlich},
  Owner                    = {andre},
  Timestamp                = {2013.12.06}
}

@InCollection{Saa83,
  Title                    = {Projection methods for solving large sparse eigenvalue problems},
  Author                   = {Saad, Youcef},
  Booktitle                = {Matrix Pencils},
  Publisher                = {Springer},
  Year                     = {1983},
  Editor                   = {K{\aa}gstr{\"o}m, Bo and Ruhe, Axel},
  Pages                    = {121-144},
  Series                   = {Lecture Notes in Mathematics},
  Volume                   = {973},

  Doi                      = {10.1007/BFb0062098},
  File                     = {Saa83.pdf:Saa83.pdf:PDF},
  ISBN                     = {978-3-540-11983-8},
  Owner                    = {andre},
  Timestamp                = {2013.06.12},
  Url                      = {http://dx.doi.org/10.1007/BFb0062098}
}

@Book{Saa11,
  Title                    = {Numerical Methods for Large Eigenvalue Problems},
  Author                   = {Yousef Saad},
  Publisher                = {SIAM},
  Year                     = {2011},

  Address                  = {Philadephia, PA},

  Doi                      = {DOI:10.1137/1.9781611970739},
  File                     = {Saa11.pdf:Saa11.pdf:PDF},
  ISBN                     = {9781611970739},
  Owner                    = {gaul},
  Pages                    = {xvi+276},
  Timestamp                = {2011.10.10},
  Url                      = {http://link.aip.org/link/doi/10.1137/1.9781611970739}
}

@Book{Saa03,
  Title                    = {Iterative methods for sparse linear systems},
  Author                   = {Saad, Yousef},
  Publisher                = {SIAM},
  Year                     = {2003},

  Address                  = {Philadelphia, PA},
  Edition                  = {Second},

  File                     = {Saa03.pdf:Saa03.pdf:PDF},
  ISBN                     = {0-89871-534-2},
  Mrclass                  = {65-01 (65F10 65F50)},
  Mrnumber                 = {1990645 (2004h:65002)},
  Mrreviewer               = {Arnold Reusken},
  Owner                    = {gaul},
  Pages                    = {xviii+528},
  Timestamp                = {2011.10.10}
}

@Article{Saa97,
  Title                    = {Analysis of augmented {K}rylov subspace methods},
  Author                   = {Saad, Yousef},
  Journal                  = {SIAM J. Matrix Anal. Appl.},
  Year                     = {1997},
  Number                   = {2},
  Pages                    = {435--449},
  Volume                   = {18},

  Coden                    = {SJMAEL},
  Doi                      = {10.1137/S0895479895294289},
  File                     = {Saa97.pdf:Saa97.pdf:PDF},
  Fjournal                 = {SIAM Journal on Matrix Analysis and Applications},
  ISSN                     = {0895-4798},
  Mrclass                  = {65F10},
  Mrnumber                 = {1437341 (98c:65054)},
  Mrreviewer               = {A. Barraud},
  Url                      = {http://dx.doi.org/10.1137/S0895479895294289}
}

@Article{Saa81,
  Title                    = {Krylov subspace methods for solving large unsymmetric linear systems},
  Author                   = {Saad, Y.},
  Journal                  = {Math. Comp.},
  Year                     = {1981},
  Number                   = {155},
  Pages                    = {105--126},
  Volume                   = {37},

  Coden                    = {MCMPAF},
  Doi                      = {10.2307/2007504},
  File                     = {Saa81.pdf:Saa81.pdf:PDF},
  Fjournal                 = {Mathematics of Computation},
  ISSN                     = {0025-5718},
  Mrclass                  = {65F10},
  Mrnumber                 = {616364 (83j:65037)},
  Mrreviewer               = {D. S. Henderson},
  Owner                    = {andre},
  Timestamp                = {2013.09.26},
  Url                      = {http://dx.doi.org/10.2307/2007504}
}

@Article{SaaS86,
  Title                    = {G{MRES}: a generalized minimal residual algorithm for solving nonsymmetric linear systems},
  Author                   = {Saad, Youcef and Schultz, Martin H.},
  Journal                  = {SIAM J. Sci. Statist. Comput.},
  Year                     = {1986},
  Number                   = {3},
  Pages                    = {856--869},
  Volume                   = {7},

  Coden                    = {SIJCD4},
  Doi                      = {10.1137/0907058},
  File                     = {SaaS86.pdf:SaaS86.pdf:PDF},
  Fjournal                 = {Society for Industrial and Applied Mathematics. Journal on Scientific and Statistical Computing},
  ISSN                     = {0196-5204},
  Mrclass                  = {65F50 (65F10)},
  Mrnumber                 = {848568 (87g:65064)},
  Url                      = {http://dx.doi.org/10.1137/0907058}
}

@Article{SaaYEG00,
  Title                    = {A deflated version of the conjugate gradient algorithm},
  Author                   = {Saad, Y. and Yeung, M. and Erhel, J. and Guyomarc'h, F.},
  Journal                  = {SIAM J. Sci. Comput.},
  Year                     = {2000},
  Number                   = {5},
  Pages                    = {1909--1926},
  Volume                   = {21},

  Doi                      = {10.1137/S1064829598339761},
  File                     = {SaaYEG00.pdf:SaaYEG00.pdf:PDF},
  Fjournal                 = {SIAM Journal on Scientific Computing},
  ISSN                     = {1064-8275},
  Mrclass                  = {65F10 (65F30)},
  Mrnumber                 = {1766015 (2001e:65053)},
  Optnote                  = {Iterative methods for solving systems of algebraic equations (Copper Mountain, CO, 1998)},
  Url                      = {http://dx.doi.org/10.1137/S1064829598339761}
}

@Online{matplotlib2tikz,
  Title                    = {matplotlib2tikz},
  Author                   = {Schl{\"o}mer, Nico},
  Url                      = {https://github.com/nschloe/matplotlib2tikz/},
  Year                     = {2010--},

  Owner                    = {andre},
  Timestamp                = {2014.02.04}
}

@Article{SchAV12,
  Title                    = {Numerical bifurcation study of superconducting patterns on a square},
  Author                   = {Schl{\"o}mer, Nico and Avitabile, Daniele and Vanroose, Wim},
  Journal                  = {SIAM J. Appl. Dyn. Syst.},
  Year                     = {2012},
  Number                   = {1},
  Pages                    = {447--477},
  Volume                   = {11},

  Coden                    = {SJADAY},
  Doi                      = {10.1137/100807132},
  File                     = {SchAV12.pdf:SchAV12.pdf:PDF},
  Fjournal                 = {SIAM Journal on Applied Dynamical Systems},
  ISSN                     = {1536-0040},
  Mrclass                  = {82D55 (35Q56 65F22)},
  Mrnumber                 = {2902623},
  Mrreviewer               = {Ayman Kachmar},
  Owner                    = {andre},
  Timestamp                = {2013.09.05},
  Url                      = {http://dx.doi.org/10.1137/100807132}
}

@Article{SchV13,
  Title                    = {An optimal linear solver for the {J}acobian system of the extreme type-{II} {G}inzburg-{L}andau problem},
  Author                   = {Schl{\"o}mer, N. and Vanroose, W.},
  Journal                  = {J. Comput. Phys.},
  Year                     = {2013},
  Pages                    = {560--572},
  Volume                   = {234},

  Coden                    = {JCTPAH},
  Doi                      = {10.1016/j.jcp.2012.10.013},
  File                     = {SchV13.pdf:SchV13.pdf:PDF},
  Fjournal                 = {Journal of Computational Physics},
  ISSN                     = {0021-9991},
  Mrclass                  = {35Q56 (65N08 65N55)},
  Mrnumber                 = {2999793},
  Owner                    = {andre},
  Timestamp                = {2013.09.05},
  Url                      = {http://dx.doi.org/10.1016/j.jcp.2012.10.013}
}

@Article{She02,
  Title                    = {Delaunay refinement algorithms for triangular mesh generation},
  Author                   = {Shewchuk, Jonathan Richard},
  Journal                  = {Comput. Geom.},
  Year                     = {2002},
  Note                     = {16th ACM Symposium on Computational Geometry (Hong Kong, 2000)},
  Number                   = {1-3},
  Pages                    = {21--74},
  Volume                   = {22},

  Doi                      = {10.1016/S0925-7721(01)00047-5},
  File                     = {She02.pdf:She02.pdf:PDF},
  Fjournal                 = {Computational Geometry. Theory and Applications},
  ISSN                     = {0925-7721},
  Mrclass                  = {65N50 (65D18 68U05 68U07)},
  Mrnumber                 = {1893652 (2003b:65131)},
  Owner                    = {andre},
  Timestamp                = {2014.03.23},
  Url                      = {http://dx.doi.org/10.1016/S0925-7721(01)00047-5}
}

@Article{SifEM13,
  Title                    = {G{MRES} {C}onvergence for {P}erturbed {C}oefficient {M}atrices, with {A}pplication to {A}pproximate {D}eflation {P}reconditioning},
  Author                   = {Sifuentes, Josef A. and Embree, Mark and Morgan, Ronald B.},
  Journal                  = {SIAM J. Matrix Anal. Appl.},
  Year                     = {2013},
  Number                   = {3},
  Pages                    = {1066--1088},
  Volume                   = {34},

  Coden                    = {SJMAEL},
  Doi                      = {10.1137/120884328},
  File                     = {SifEM13.pdf:SifEM13.pdf:PDF},
  Fjournal                 = {SIAM Journal on Matrix Analysis and Applications},
  ISSN                     = {0895-4798},
  Mrclass                  = {Preliminary Data},
  Mrnumber                 = {3079320},
  Url                      = {http://dx.doi.org/10.1137/120884328}
}

@Article{Sim84,
  Title                    = {Analysis of the symmetric {L}anczos algorithm with reorthogonalization methods},
  Author                   = {Simon, Horst D.},
  Journal                  = {Linear Algebra Appl.},
  Year                     = {1984},
  Pages                    = {101--131},
  Volume                   = {61},

  Coden                    = {LAAPAW},
  Doi                      = {10.1016/0024-3795(84)90025-9},
  File                     = {Sim84.pdf:Sim84.pdf:PDF},
  Fjournal                 = {Linear Algebra and its Applications},
  ISSN                     = {0024-3795},
  Mrclass                  = {65F15 (65F10)},
  Mrnumber                 = {755252 (85k:65033)},
  Mrreviewer               = {Colette Lebaud},
  Owner                    = {gaul},
  Timestamp                = {2011.09.15},
  Url                      = {http://dx.doi.org/10.1016/0024-3795(84)90025-9}
}

@InCollection{SimS13,
  Title                    = {On the Superlinear Convergence of MINRES},
  Author                   = {Simoncini, V. and Szyld, Daniel B.},
  Booktitle                = {Numerical Mathematics and Advanced Applications 2011},
  Publisher                = {Springer},
  Year                     = {2013},

  Address                  = {Berlin},
  Editor                   = {Cangiani, Andrea and Davidchack, Ruslan L. and Georgoulis, Emmanuil and Gorban, Alexander N. and Levesley, Jeremy and Tretyakov, Michael V.},
  Pages                    = {733--740},

  Doi                      = {10.1007/978-3-642-33134-3_77},
  ISBN                     = {978-3-642-33133-6},
  Language                 = {English},
  Owner                    = {andre},
  Timestamp                = {2013.08.19},
  Url                      = {http://dx.doi.org/10.1007/978-3-642-33134-3_77}
}

@Article{SimS07,
  Title                    = {Recent computational developments in {K}rylov subspace methods for linear systems},
  Author                   = {Simoncini, Valeria and Szyld, Daniel B.},
  Journal                  = {Numer. Linear Algebra Appl.},
  Year                     = {2007},
  Number                   = {1},
  Pages                    = {1--59},
  Volume                   = {14},

  Coden                    = {NLAAEM},
  Doi                      = {10.1002/nla.499},
  File                     = {SimS07.pdf:SimS07.pdf:PDF},
  Fjournal                 = {Numerical Linear Algebra with Applications},
  ISSN                     = {1070-5325},
  Mrclass                  = {65F10},
  Mrnumber                 = {2289520 (2008c:65095)},
  Mrreviewer               = {R. P. Tewarson},
  Owner                    = {gaul},
  Timestamp                = {2011.11.08},
  Url                      = {http://dx.doi.org/10.1002/nla.499}
}

@Article{SimS03,
  Title                    = {Theory of inexact {K}rylov subspace methods and applications to scientific computing},
  Author                   = {Simoncini, Valeria and Szyld, Daniel B.},
  Journal                  = {SIAM J. Sci. Comput.},
  Year                     = {2003},
  Number                   = {2},
  Pages                    = {454--477},
  Volume                   = {25},

  Doi                      = {10.1137/S1064827502406415},
  File                     = {SimS03.pdf:SimS03.pdf:PDF},
  Fjournal                 = {SIAM Journal on Scientific Computing},
  ISSN                     = {1064-8275},
  Mrclass                  = {65F10 (65F15)},
  Mrnumber                 = {2058070 (2005g:65065)},
  Mrreviewer               = {Marlis Hochbruck},
  Owner                    = {gaul},
  Timestamp                = {2011.10.05},
  Url                      = {http://dx.doi.org/10.1137/S1064827502406415}
}

@Article{SleVM00,
  Title                    = {Differences in the effects of rounding errors in {K}rylov solvers for symmetric indefinite linear systems},
  Author                   = {Sleijpen, Gerard L. G. and van der Vorst, Henk A. and Modersitzki, Jan},
  Journal                  = {SIAM J. Matrix Anal. Appl.},
  Year                     = {2000},
  Number                   = {3},
  Pages                    = {726--751},
  Volume                   = {22},

  Doi                      = {10.1137/S0895479897323087},
  File                     = {SleVM00.pdf:SleVM00.pdf:PDF},
  Fjournal                 = {SIAM Journal on Matrix Analysis and Applications},
  ISSN                     = {0895-4798},
  Mrclass                  = {65F10 (65N12)},
  Mrnumber                 = {1785632 (2001j:65058)},
  Mrreviewer               = {Larisa V. Maslovskaya},
  Owner                    = {gaul},
  Timestamp                = {2012.05.31},
  Url                      = {http://dx.doi.org/10.1137/S0895479897323087}
}

@Article{SomGD79,
  Title                    = {Coupled nonlinear {S}chr\"odinger equation for {L}angmuir and dispersive ion acoustic waves},
  Author                   = {Som, B. K. and Gupta, M. R. and Dasgupta, Brahmananda},
  Journal                  = {Phys. Lett. A},
  Year                     = {1979},
  Number                   = {2},
  Pages                    = {111--114},
  Volume                   = {72},

  Coden                    = {PHYLAA},
  Doi                      = {10.1016/0375-9601(79)90663-7},
  Fjournal                 = {Physics Letters. A},
  ISSN                     = {0031-9163},
  Mrclass                  = {76X05 (35Q20)},
  Mrnumber                 = {589698 (81j:76111)},
  Mrreviewer               = {E. G. Broadbent},
  Owner                    = {andre},
  Timestamp                = {2014.03.16},
  Url                      = {http://dx.doi.org/10.1016/0375-9601(79)90663-7}
}

@Report{SooSX13,
  Title                    = {Krylov Subspace Recycling for Sequences of Shifted Linear Systems},
  Author                   = {Soodhalter, Kirk M. and Szyld, Daniel B. and Xue, Fei},
  Year                     = {2013},

  Type                     = {Preprint},

  File                     = {SooSX13.pdf:SooSX13.pdf:PDF},
  Note                     = {arXiv:1301.2650v3},
  Owner                    = {andre},
  Timestamp                = {2014.01.06}
}

@Article{Stu01,
  Title                    = {A review of algebraic multigrid},
  Author                   = {St{\"u}ben, K.},
  Journal                  = {J. Comput. Appl. Math.},
  Year                     = {2001},
  Note                     = {Numerical analysis 2000, Vol. VII, Partial differential equations},
  Number                   = {1-2},
  Pages                    = {281--309},
  Volume                   = {128},

  Coden                    = {JCAMDI},
  Doi                      = {10.1016/S0377-0427(00)00516-1},
  File                     = {Stu01.pdf:Stu01.pdf:PDF},
  Fjournal                 = {Journal of Computational and Applied Mathematics},
  ISSN                     = {0377-0427},
  Mrclass                  = {65N55},
  Mrnumber                 = {1820878 (2002e:65192)},
  Owner                    = {andre},
  Timestamp                = {2014.03.23},
  Url                      = {http://dx.doi.org/10.1016/S0377-0427(00)00516-1}
}

@Article{Sta97,
  Title                    = {Field-of-values analysis of preconditioned iterative methods for nonsymmetric elliptic problems},
  Author                   = {Starke, Gerhard},
  Journal                  = {Numer. Math.},
  Year                     = {1997},
  Number                   = {1},
  Pages                    = {103--117},
  Volume                   = {78},

  Coden                    = {NUMMA7},
  Doi                      = {10.1007/s002110050306},
  File                     = {Sta97.pdf:Sta97.pdf:PDF},
  Fjournal                 = {Numerische Mathematik},
  ISSN                     = {0029-599X},
  Mrclass                  = {65N15},
  Mrnumber                 = {1483571 (99a:65137)},
  Mrreviewer               = {Anna-Margarete S{\"a}ndig},
  Owner                    = {andre},
  Timestamp                = {2013.11.21},
  Url                      = {http://dx.doi.org/10.1007/s002110050306}
}

@Thesis{Sta94,
  Title                    = {Iterative Methods and Decomposition-Based Preconditioners for Nonsymmetric Elliptic Boundary Value Problems},
  Author                   = {G. Starke},
  Institution              = {Universit\"{a}t Karlsruhe},
  Type                     = {Habilitationsschrift},
  Year                     = {1994},
  Owner                    = {andre},
  Timestamp                = {2014.03.03}
}

@Article{Ste11,
  Title                    = {On the numerical analysis of oblique projectors},
  Author                   = {Stewart, G. W.},
  Journal                  = {SIAM J. Matrix Anal. Appl.},
  Year                     = {2011},
  Number                   = {1},
  Pages                    = {309--348},
  Volume                   = {32},

  Coden                    = {SJMAEL},
  Doi                      = {10.1137/100792093},
  File                     = {Ste11.pdf:Ste11.pdf:PDF},
  Fjournal                 = {SIAM Journal on Matrix Analysis and Applications},
  ISSN                     = {0895-4798},
  Mrclass                  = {65F25 (15B99)},
  Mrnumber                 = {2811302},
  Mrreviewer               = {Dario Fasino},
  Owner                    = {gaul},
  Timestamp                = {2012.07.19},
  Url                      = {http://dx.doi.org/10.1137/100792093}
}

@Article{Ste02,
  Title                    = {Backward error bounds for approximate {K}rylov subspaces},
  Author                   = {Stewart, G. W.},
  Journal                  = {Linear Algebra Appl.},
  Year                     = {2002},
  Pages                    = {81--86},
  Volume                   = {340},

  Coden                    = {LAAPAW},
  Doi                      = {10.1016/S0024-3795(01)00413-X},
  File                     = {Ste02.pdf:Ste02.pdf:PDF},
  Fjournal                 = {Linear Algebra and its Applications},
  ISSN                     = {0024-3795},
  Mrclass                  = {15A06 (65F35)},
  Mrnumber                 = {1869419 (2002i:15006)},
  Owner                    = {andre},
  Timestamp                = {2014.01.28},
  Url                      = {http://dx.doi.org/10.1016/S0024-3795(01)00413-X}
}

@Book{Ste01,
  Title                    = {Matrix algorithms. {V}ol. {II}},
  Author                   = {Stewart, G. W.},
  Publisher                = {SIAM},
  Year                     = {2001},

  Address                  = {Philadelphia, PA},
  Note                     = {Eigensystems},

  Doi                      = {10.1137/1.9780898718058},
  File                     = {Ste01.pdf:Ste01.pdf:PDF},
  ISBN                     = {0-89871-503-2},
  Mrclass                  = {65-01 (65F15)},
  Mrnumber                 = {1853468},
  Owner                    = {andre},
  Pages                    = {xx+469},
  Timestamp                = {2014.01.21},
  Url                      = {http://dx.doi.org/10.1137/1.9780898718058}
}

@Article{Ste91,
  Title                    = {Two simple residual bounds for the eigenvalues of a {H}ermitian matrix},
  Author                   = {Stewart, G. W.},
  Journal                  = {SIAM J. Matrix Anal. Appl.},
  Year                     = {1991},
  Number                   = {2},
  Pages                    = {205--208},
  Volume                   = {12},

  Coden                    = {SJMAEL},
  Doi                      = {10.1137/0612016},
  File                     = {Ste91.pdf:Ste91.pdf:PDF},
  Fjournal                 = {SIAM Journal on Matrix Analysis and Applications},
  ISSN                     = {0895-4798},
  Mrclass                  = {15A18 (15A42)},
  Mrnumber                 = {1089155 (92j:15007)},
  Owner                    = {gaul},
  Timestamp                = {2012.11.07},
  Url                      = {http://dx.doi.org/10.1137/0612016}
}

@Book{SteS90,
  Title                    = {Matrix perturbation theory},
  Author                   = {Stewart, G. W. and Sun, Ji Guang},
  Publisher                = {Academic Press Inc.},
  Year                     = {1990},

  Address                  = {Boston, MA},
  Series                   = {Computer Science and Scientific Computing},

  File                     = {SteS90.djvu:SteS90.djvu:Djvu},
  ISBN                     = {0-12-670230-6},
  Mrclass                  = {65-02 (65Fxx)},
  Mrnumber                 = {1061154 (92a:65017)},
  Mrreviewer               = {Dao Sheng Zheng},
  Pages                    = {xvi+365}
}

@Article{Stu99,
  Title                    = {Truncation strategies for optimal {K}rylov subspace methods},
  Author                   = {de Sturler, Eric},
  Journal                  = {SIAM J. Numer. Anal.},
  Year                     = {1999},
  Number                   = {3},
  Pages                    = {864--889},
  Volume                   = {36},

  Doi                      = {10.1137/S0036142997315950},
  File                     = {Stu99.pdf:Stu99.pdf:PDF},
  Fjournal                 = {SIAM Journal on Numerical Analysis},
  ISSN                     = {0036-1429},
  Mrclass                  = {65F10 (15A18 65N22)},
  Mrnumber                 = {1681025 (2001c:65038)},
  Url                      = {http://dx.doi.org/10.1137/S0036142997315950}
}

@Article{Stu96,
  Title                    = {Nested {K}rylov methods based on {GCR}},
  Author                   = {de Sturler, E.},
  Journal                  = {J. Comput. Appl. Math.},
  Year                     = {1996},
  Number                   = {1},
  Pages                    = {15--41},
  Volume                   = {67},

  Coden                    = {JCAMDI},
  Doi                      = {10.1016/0377-0427(94)00123-5},
  File                     = {Stu96.pdf:Stu96.pdf:PDF},
  Fjournal                 = {Journal of Computational and Applied Mathematics},
  ISSN                     = {0377-0427},
  Mrclass                  = {65F10},
  Mrnumber                 = {1388135 (97g:65073)},
  Owner                    = {gaul},
  Timestamp                = {2011.11.08},
  Url                      = {http://dx.doi.org/10.1016/0377-0427(94)00123-5}
}

@Article{Szy06,
  Title                    = {The many proofs of an identity on the norm of oblique projections},
  Author                   = {Szyld, Daniel B.},
  Journal                  = {Numer. Algorithms},
  Year                     = {2006},
  Number                   = {3-4},
  Pages                    = {309--323},
  Volume                   = {42},

  Doi                      = {10.1007/s11075-006-9046-2},
  File                     = {Szy06.pdf:Szy06.pdf:PDF},
  Fjournal                 = {Numerical Algorithms},
  ISSN                     = {1017-1398},
  Mrclass                  = {46C05 (15A24)},
  Mrnumber                 = {2279449 (2007k:46040)},
  Mrreviewer               = {Vladimir Rako{\v{c}}evi{\'c}},
  Owner                    = {gaul},
  Timestamp                = {2012.06.29},
  Url                      = {http://dx.doi.org/10.1007/s11075-006-9046-2}
}

@Article{TanMNV10,
  Title                    = {A Comparison of Two-Level Preconditioners Based on Multigrid and Deflation},
  Author                   = {J. M. Tang and S. P. MacLachlan and R. Nabben and C. Vuik},
  Journal                  = {SIAM J. Matrix Anal. Appl.},
  Year                     = {2010},
  Number                   = {4},
  Pages                    = {1715--1739},
  Volume                   = {31},

  Doi                      = {10.1137/08072084X},
  File                     = {TanMNV10.pdf:TanMNV10.pdf:PDF},
  Fjournal                 = {SIAM Journal on Matrix Analysis and Applications},
  Keywords                 = {deflation; domain decomposition; multigrid; conjugate gradients; two-grid schemes; SPD matrices; two-level preconditioning},
  Publisher                = {SIAM},
  Url                      = {http://link.aip.org/link/?SML/31/1715/1}
}

@Article{TanNVE09,
  Title                    = {Comparison of two-level preconditioners derived from deflation, domain decomposition and multigrid methods},
  Author                   = {Tang, J. M. and Nabben, R. and Vuik, C. and Erlangga, Y. A.},
  Journal                  = {J. Sci. Comput.},
  Year                     = {2009},
  Number                   = {3},
  Pages                    = {340--370},
  Volume                   = {39},

  Coden                    = {JSCOEB},
  Doi                      = {10.1007/s10915-009-9272-6},
  File                     = {TanNVE09.pdf:TanNVE09.pdf:PDF},
  Fjournal                 = {Journal of Scientific Computing},
  ISSN                     = {0885-7474},
  Mrclass                  = {65F10 (65F08)},
  Mrnumber                 = {2506657 (2010d:65082)},
  Mrreviewer               = {David Scott Watkins},
  Url                      = {http://dx.doi.org/10.1007/s10915-009-9272-6}
}

@Article{TohT96,
  Title                    = {Calculation of pseudospectra by the {A}rnoldi iteration},
  Author                   = {Toh, Kim-Chuan and Trefethen, Lloyd N.},
  Journal                  = {SIAM J. Sci. Comput.},
  Year                     = {1996},
  Note                     = {Special issue on iterative methods in numerical linear algebra (Breckenridge, CO, 1994)},
  Number                   = {1},
  Pages                    = {1--15},
  Volume                   = {17},

  Coden                    = {SJOCE3},
  Doi                      = {10.1137/0917002},
  File                     = {TohT96.pdf:TohT96.pdf:PDF},
  Fjournal                 = {SIAM Journal on Scientific Computing},
  ISSN                     = {1064-8275},
  Mrclass                  = {65F15 (15A18)},
  Mrnumber                 = {1375262 (97i:65064)},
  Owner                    = {andre},
  Timestamp                = {2013.05.30},
  Url                      = {http://dx.doi.org/10.1137/0917002}
}

@InCollection{Tre99,
  Title                    = {Computation of pseudospectra},
  Author                   = {Trefethen, Lloyd N.},
  Booktitle                = {Acta numerica, 1999},
  Publisher                = {Cambridge Univ. Press},
  Year                     = {1999},

  Address                  = {Cambridge},
  Pages                    = {247--295},
  Series                   = {Acta Numer.},
  Volume                   = {8},

  Doi                      = {10.1017/S0962492900002932},
  File                     = {Tre99.pdf:Tre99.pdf:PDF},
  Mrclass                  = {65F15 (65F35 65Y05)},
  Mrnumber                 = {1819647 (2002b:65062)},
  Mrreviewer               = {Rafikul Alam},
  Owner                    = {andre},
  Timestamp                = {2014.01.31},
  Url                      = {http://dx.doi.org/10.1017/S0962492900002932}
}

@InCollection{Tre90,
  Title                    = {Approximation theory and numerical linear algebra},
  Author                   = {Trefethen, L. N.},
  Booktitle                = {Algorithms for approximation, {II} ({S}hrivenham, 1988)},
  Publisher                = {Chapman and Hall},
  Year                     = {1990},

  Address                  = {London},
  Pages                    = {336--360},

  File                     = {Tre90.pdf:Tre90.pdf:PDF},
  Mrclass                  = {65F10 (41A10 41A20)},
  Mrnumber                 = {1071991 (91j:65063)},
  Mrreviewer               = {K. Jetter},
  Owner                    = {andre},
  Timestamp                = {2013.11.25}
}

@Book{TreE05,
  Title                    = {Spectra and pseudospectra},
  Author                   = {Trefethen, Lloyd N. and Embree, Mark},
  Publisher                = {Princeton University Press},
  Year                     = {2005},

  Address                  = {Princeton, NJ},
  Note                     = {The behavior of nonnormal matrices and operators},

  ISBN                     = {978-0-691-11946-5; 0-691-11946-5},
  Mrclass                  = {15-02 (15A18 47A10 47A50)},
  Mrnumber                 = {2155029 (2006d:15001)},
  Mrreviewer               = {David Scott Watkins},
  Owner                    = {andre},
  Pages                    = {xviii+606},
  Timestamp                = {2013.06.21}
}

@InProceedings{VuiNT06,
  Title                    = {Deflation acceleration for domain decomposition preconditioners},
  Author                   = {C. Vuik and R. Nabben and J. Tang},
  Booktitle                = {Proceedings of the 8th European Multigrid Conference September 27-30, 2005 Scheveningen The Hague, The Netherlands},
  Year                     = {2006},

  Address                  = {Delft},
  Editor                   = {P. Wesseling and {C.W.} Oosterlee and P. Hemker},
  Publisher                = {{TU} Delft},

  File                     = {VuiNT06.pdf:VuiNT06.pdf:PDF}
}

@Article{WakE13,
  Title                    = {Parallelism and robustness in {GMRES} with a {Newton} basis and deflated restarting},
  Author                   = {Wakam, Desire Nuentsa and Erhel, Jocelyne},
  Journal                  = {Electron. Trans. Numer. Anal.},
  Year                     = {2013},
  Pages                    = {381--406},
  Volume                   = {40},

  File                     = {WakE13.pdf:WakE13.pdf:PDF},
  Fjournal                 = {Electronic Transactions on Numerical Analysis},
  Owner                    = {andre},
  Timestamp                = {2014.02.21}
}

@Article{Wal88,
  Title                    = {Implementation of the {GMRES} method using {H}ouseholder transformations},
  Author                   = {Walker, Homer F.},
  Journal                  = {SIAM J. Sci. Statist. Comput.},
  Year                     = {1988},
  Number                   = {1},
  Pages                    = {152--163},
  Volume                   = {9},

  Coden                    = {SIJCD4},
  Doi                      = {10.1137/0909010},
  File                     = {Wal88.pdf:Wal88.pdf:PDF},
  Fjournal                 = {Society for Industrial and Applied Mathematics. Journal on Scientific and Statistical Computing},
  ISSN                     = {0196-5204},
  Mrclass                  = {65F10 (65N20)},
  Mrnumber                 = {922869 (88m:65056)},
  Mrreviewer               = {S. Galanis},
  Owner                    = {andre},
  Timestamp                = {2013.06.21},
  Url                      = {http://dx.doi.org/10.1137/0909010}
}

@Article{WanSP07,
  Title                    = {Large-scale topology optimization using preconditioned {K}rylov subspace methods with recycling},
  Author                   = {Wang, Shun and de Sturler, Eric and Paulino, Glaucio H.},
  Journal                  = {Internat. J. Numer. Methods Engrg.},
  Year                     = {2007},
  Number                   = {12},
  Pages                    = {2441--2468},
  Volume                   = {69},

  Coden                    = {IJNMBH},
  Doi                      = {10.1002/nme.1798},
  File                     = {WanSP07.pdf:WanSP07.pdf:PDF},
  Fjournal                 = {International Journal for Numerical Methods in Engineering},
  ISSN                     = {0029-5981},
  Mrclass                  = {74P15 (65F10)},
  Mrnumber                 = {2302626 (2007m:74111)},
  Url                      = {http://dx.doi.org/10.1002/nme.1798}
}

@Book{Wer07,
  Title                    = {Funktionalanalysis},
  Author                   = {Dirk Werner},
  Publisher                = {Springer-Verlag},
  Year                     = {2007},

  Address                  = {Berlin},
  Edition                  = {Sechste Auflage},

  File                     = {Wer07.pdf:Wer07.pdf:PDF},
  Keywords                 = {{FA}},
  Pages                    = {xiii+532}
}

@Book{Wil65,
  Title                    = {The algebraic eigenvalue problem},
  Author                   = {Wilkinson, J. H.},
  Publisher                = {Clarendon Press, Oxford},
  Year                     = {1965},

  Mrclass                  = {65.40},
  Mrnumber                 = {0184422 (32 \#1894)},
  Mrreviewer               = {A. S. Householder},
  Owner                    = {andre},
  Pages                    = {xviii+662},
  Timestamp                = {2013.10.21}
}

@Online{Wri02,
  Title                    = {EigTool},
  Author                   = {Wright, Thomas G.},
  Url                      = {http://www.comlab.ox.ac.uk/pseudospectra/eigtool/},
  Year                     = {2002},

  Owner                    = {andre},
  Timestamp                = {2013.06.21}
}

@Article{WriT02,
  Title                    = {Pseudospectra of rectangular matrices},
  Author                   = {Wright, Thomas G. and Trefethen, Lloyd N.},
  Journal                  = {IMA J. Numer. Anal.},
  Year                     = {2002},
  Number                   = {4},
  Pages                    = {501--519},
  Volume                   = {22},

  Coden                    = {IJNADN},
  Doi                      = {10.1093/imanum/22.4.501},
  File                     = {WriT02.pdf:WriT02.pdf:PDF},
  Fjournal                 = {IMA Journal of Numerical Analysis},
  ISSN                     = {0272-4979},
  Mrclass                  = {65F15},
  Mrnumber                 = {1936516 (2003m:65056)},
  Mrreviewer               = {Jesse L. Barlow},
  Owner                    = {andre},
  Timestamp                = {2014.01.31},
  Url                      = {http://dx.doi.org/10.1093/imanum/22.4.501}
}

@Article{WriT01,
  Title                    = {Large-scale computation of pseudospectra using {ARPACK} and eigs},
  Author                   = {Wright, Thomas G. and Trefethen, Lloyd N.},
  Journal                  = {SIAM J. Sci. Comput.},
  Year                     = {2001},
  Note                     = {Copper Mountain Conference (2000)},
  Number                   = {2},
  Pages                    = {591--605},
  Volume                   = {23},

  Doi                      = {10.1137/S106482750037322X},
  File                     = {WriT01.pdf:WriT01.pdf:PDF},
  Fjournal                 = {SIAM Journal on Scientific Computing},
  ISSN                     = {1064-8275},
  Mrclass                  = {65F15 (65F50)},
  Mrnumber                 = {1861267 (2002h:65061)},
  Owner                    = {andre},
  Timestamp                = {2014.01.31},
  Url                      = {http://dx.doi.org/10.1137/S106482750037322X}
}

@Article{WuWJL13,
  Title                    = {Towards backward perturbation bounds for approximate dual {K}rylov subspaces},
  Author                   = {Wu, Gang and Wei, Yimin and Jia, Zhi-gang and Ling, {Si}-tao and Zhang, Lu},
  Journal                  = {BIT},
  Year                     = {2013},
  Number                   = {1},
  Pages                    = {225--239},
  Volume                   = {53},

  Doi                      = {10.1007/s10543-012-0402-4},
  File                     = {WuWJL13.pdf:WuWJL13.pdf:PDF},
  Fjournal                 = {BIT. Numerical Mathematics},
  ISSN                     = {0006-3835},
  Mrclass                  = {65F10 (65F15)},
  Mrnumber                 = {3029301},
  Mrreviewer               = {C. Ilioi},
  Owner                    = {andre},
  Timestamp                = {2013.12.17},
  Url                      = {http://dx.doi.org/10.1007/s10543-012-0402-4}
}

@Report{YeuTV10,
  Title                    = {On the Convergence of {GMRES} with Invariant-Subspace Deflation},
  Author                   = {M.C. Yeung and J.M. Tang and C. Vuik},
  Institution              = {Delft University of Technology, Delft Institute of Applied Mathematics},
  Year                     = {2010},

  Type                     = {Report},

  Address                  = {Delft},
  File                     = {YeuTV10.pdf:YeuTV10.pdf:PDF},
  Number                   = {10-14},
  Owner                    = {gaul},
  Timestamp                = {2011.02.21}
}

@Book{Yos95,
  Title                    = {Functional analysis},
  Author                   = {Yosida, K{\=o}saku},
  Publisher                = {Springer-Verlag},
  Year                     = {1995},

  Address                  = {Berlin},
  Note                     = {Reprint of the sixth (1980) edition},
  Series                   = {Classics in Mathematics},

  ISBN                     = {3-540-58654-7},
  Mrclass                  = {46-01 (47-01)},
  Mrnumber                 = {1336382 (96a:46001)},
  Owner                    = {andre},
  Pages                    = {xii+501},
  Timestamp                = {2014.03.02}
}

@Book{BaiDDRV00,
  Title                    = {Templates for the solution of algebraic eigenvalue problems},
  Editor                   = {Bai, Zhaojun and Demmel, James and Dongarra, Jack and Ruhe, Axel and van der Vorst, Henk},
  Publisher                = {SIAM},
  Year                     = {2000},

  Address                  = {Philadelphia, PA},
  Note                     = {A practical guide},
  Series                   = {Software, Environments, and Tools},
  Volume                   = {11},

  File                     = {BaiDDRV00.pdf:BaiDDRV00.pdf:PDF},
  ISBN                     = {0-89871-471-0},
  Mrclass                  = {65-02 (65F15)},
  Mrnumber                 = {1792141 (2001k:65003)},
  Mrreviewer               = {Jesse L. Barlow},
  Owner                    = {gaul},
  Pages                    = {xxx+410},
  Timestamp                = {2011.09.15}
}

@comment{jabref-entrytype: Online: req[author;title;url] opt[month;year]}

@comment{jabref-entrytype: Report: req[author;institution;title;year] opt[type]}

@comment{jabref-entrytype: Thesis: req[author;institution;title;type;year] opt[]}

